2220 3750
486 234 669 283 morsus.

139 390 344 484 cupientibus
359 389 481 469 signum
494 392 555 451 dat.

139 472 250 532 Acrem
263 480 446 530 1nstructam
461 470 577 529 habuit.

138 550 345 610 Frumentum
379 568 479 622 omne,
507 558 620 627 praeter
654 549 738 628 quod
765 567 868 610 secum
895 546 1049 628 portaturi

220 639 315 703 erant,
331 630 523 689 comburunt.

139 708 193 767 Ad
208 711 411 769 cohortandos
425 708 539 768 milites
554 706 736 767 decucurrit.

138 787 319 849 Fortissime
335 797 508 867 pugnantes
523 787 709 847 ceciderunt.

141 866 295 946 superati,
309 876 485 927 statuerunt
499 867 571 927 belli
585 866 679 925 finem
693 867 800 926 facire.

141 946 213 1006 Sese
229 967 293 1006 esse
309 947 349 1005 ad
362 946 476 1006 bellum
491 947 662 1025 gerendum
681 946 889 1024 paratissimos
910 945 1050 1005 confirm-

219 1034 358 1086 averunt.

143 1104 238 1164 AEdui
251 1107 369 1184 legatos
391 1104 431 1164 ad
453 1105 604 1165 Caesarem
624 1105 763 1178 mittunt,
778 1105 924 1164 auxilium
946 1103 1050 1184 impio

217 1194 343 1244 raturos.

138 1264 192 1321 Ad
206 1263 257 1323 eas
271 1284 319 1322 res
333 1263 537 1323 conficiendas
553 1261 717 1341 Orgetorix
731 1262 887 1342 deligitur.

138 1343 307 1422 Fugientes
322 1362 417 1421 usque
432 1343 471 1401 ad
485 1343 599 1401 flumen
613 1351 847 1420 persequuntur.

138 1422 175 1480 In
190 1432 311 1482 nostros
325 1421 485 1481 venientes
499 1422 562 1482 tela
576 1421 787 1500 conjiciebant.

140 1501 281 1561 Consenti
294 1502 475 1561 vulneribus
488 1502 592 1561 hostes
606 1510 695 1580 terga
708 1509 877 1561 verterunt.

140 1580 243 1658 Scipio
258 1580 290 1639 in
304 1580 443 1641 Africam
457 1581 587 1659 trajecit,
603 1581 824 1660 Carthaginem
838 1580 1021 1640 deleturus?

139 1744 304 1836 Homines⁸
319 1743 511 1804 abundantes
539 1763 613 1804 auro
641 1765 704 1804 non
732 1753 805 1805 sunt
831 1743 946 1803 idcirco
970 1743 1049 1803 curis

138 1842 409 1962 Perithascblilitatis
422 1901 566 1980 regendae
580 1901 646 1961 fuit.

137 1981 370 2059 Epaminondas
384 1981 538 2040 studiosus
552 1989 618 2040 erat
632 1980 782 2040 audiendi.

138 2059 321 2124 Timotheus
334 2059 408 2119 belli
421 2059 549 2139 gerendi
562 2060 621 2119 fuit
634 2068 760 2137 peritus.

136 2138 231 2199 Nunc
258 2138 384 2218 configi
411 2142 449 2198 ad
475 2149 517 2213 te,
538 2138 712 2219 exagitatus
739 2159 758 2198 a
785 2138 895 2198 cuncti
923 2137 1051 2213 Graecia,

216 2227 301 2278 tuam
316 2229 426 2297 petens
441 2218 614 2279 amicitiam.

137 2296 254 2357 Milites
267 2298 453 2371 cohortatus,
468 2297 664 2376 cupientibus
678 2297 798 2376 signum
813 2296 909 2356 dedit.

137 2376 308 2468 Principes,
334 2380 469 2448 adventu
506 2377 717 2437 Romanorum
753 2376 893 2455 permoti,
929 2375 1049 2455 legatos

136 2465 540 2614 Magsslliuhhuitudrnem
569 2537 674 2593 eorum
701 2533 896 2612 fugientiuml
913 2534 1050 2595 concide·

137 2622 446 2771 Paeehlnfi'etenubus
460 2693 627 2753 liberaliter
640 2693 808 2770 respondit.

138 2772 287 2832 (lominus
300 2791 443 2852 pugnans
456 2771 526 2831 telis
539 2772 675 2832 hostium
689 2771 868 2832 interfectus
883 2781 938 2833 est.

136 2918 192 2978 Ad
220 2918 329 2978 classes
357 2917 558 2991 aedificandas,
580 2917 793 2995 exercitusque
822 2919 1049 2997 comparandos,

217 3008 365 3076 quantum
378 2997 515 3077 pecuniae
536 3016 664 3075 quaeque
686 2998 794 3056 civitas
816 2996 1050 3078 daret,⁶A1isti-

218 3078 272 3137 des
287 3079 424 3137 delectus
438 3085 513 3148 erat,
528 3077 580 3154 qui
595 3075 820 3136 constituerent

94 3264 112 3294 a
120 3251 191 3292 Rulos
200 3216 236 3291 for
245 3251 382 3300 translating
398 3249 537 3301 participles,
547 3251 567 3290 3.
593 3248 685 3289 bRules
701 3248 738 3289 for
751 3249 901 3300 translating,
908 3246 1048 3298 participles,

96 3300 276 3401 plpbfflgpp
286 3301 347 3344 aure
361 3281 393 3345 od.
420 3300 436 3341 u
451 3299 549 3352 syntax,
559 3299 618 3340 nure
633 3300 696 3356 aaa,
706 3299 755 3340 anu
767 3298 842 3341 anien
853 3299 892 3340 ru
903 3295 1059 3342 ulmum.
