2220 3750
85 252 150 322 198
370 213 389 251 ⁸
466 268 649 317 nxnamsns.

123 425 259 486 Miltiadi
274 424 411 486 custodia
425 425 615 486 medebatur.

122 506 295 567 Maturavit
309 507 435 585 eolldgae
449 519 554 565 venire
568 504 692 565 auxilio.

122 587 144 648 J
147 599 279 647 uventus
294 587 437 666 pleraque
453 585 593 646 Catilinae
607 584 739 664 inceptis
753 585 892 649 favebat.

122 666 181 727 Est
196 666 269 725 mihi
283 677 378 745 pater.
566 730 568 733 .

123 746 212 806 Nulli
229 747 294 825 ejus
309 746 386 806 fides
400 744 506 805 defuit.

123 825 220 886 Nulla
236 827 344 886 civitas
357 825 418 885 illis
433 825 547 886 auxilio
560 824 629 884 fuit.
730 885 735 889 .

123 905 286 965 Pollicitus
299 915 348 966 est
362 905 421 965 sibi
435 925 503 965 eam
517 924 583 964 rem
597 924 677 964 ourae
692 903 842 967 futuram.

123 984 174 1044 Da
189 986 263 1044 milri
278 985 390 1064 pignus
405 985 523 1045 amoris.

123 1064 250 1125 Divitire
265 1065 372 1125 multis
386 1065 509 1125 fuerunt
524 1064 629 1123 exitio.

123 1144 374 1204 Deliberantlbus
389 1144 504 1222 Pythia
519 1142 684 1223 respondit,
699 1150 735 1203 ut
756 1145 914 1206 moenlbus
934 1144 1047 1227 ligneis

206 1245 238 1285 se
253 1232 433 1284 rnumrent.‘⁸
1021 1230 1022 1234 ’

96 1328 98 1332 ·
124 1304 183 1364 Ille
197 1308 337 1384 desperat
351 1303 440 1364 saluti
455 1323 525 1364 suae.

124 1383 237 1464 Neque
252 1387 387 1444 cernitur
401 1384 463 1443 ulli.

125 1462 241 1542 Longae
256 1464 379 1542 regibus
393 1473 464 1522 sunt
478 1481 596 1522 manus.

126 1543 297 1603 Oonsllium
310 1543 464 1623 plerisque
477 1542 653 1602 civitatibus
667 1541 857 1621 displicebat.

124 1689 348 1769 Voluptatibus
362 1689 452 1750 simul
468 1699 500 1750 et
513 1689 624 1751 virtuti
637 1709 729 1749 nemo
744 1703 859 1751 servire
873 1700 990 1772 potest

125 1770 308 1829 Adhibenda
322 1779 368 1829 est
382 1769 471 1828 nobis
486 1769 653 1850 diligentia.

124 1849 200 1909 Non
215 1850 269 1908 ulli
277 1851 351 1910 ,looo
365 1850 539 1929 parcebant.
657 1841 666 1856 '

124 1929 184 1989 Est
197 1930 271 1989 mihi
285 1929 370 1989 liber.

126 2010 278 2070 Omnibus
292 2013 428 2069 maximo
444 2017 510 2068 erat
524 2008 602 2069 usui.

126 2089 210 2149 Oves
225 2090 314 2149 nobis
329 2109 414 2149 suam
429 2078 533 2147 lanam‘
544 2088 691 2167 praebent.

125 2167 234 2229 Bonis
247 2178 339 2229 noeet
354 2168 490 2249 quisquis
503 2168 688 2246 peperceritc
701 2167 798 2227 malis.

126 2248 281 2309 Homines
294 2249 423 2327 amplilrs
437 2246 546 2307 oeulisd
561 2250 657 2326 quem
669 2248 792 2308 auribus
806 2248 953 2312 eredunt.

125 2327 232 2389 Exitio
247 2337 295 2390 est
309 2328 405 2388 avidis
420 2346 502 2387 mare
517 2327 627 2387 nautis.

125 2408 221 2469 Dedit
237 2409 266 2469 ei
280 2408 410 2469 veniam.

127 2489 230 2548 Oaesar
243 2510 306 2548 non
321 2486 563 2566 exspectandum
577 2484 634 2545 sibi
648 2485 766 2546 statuit.

126 2567 296 2648 Imperavit
319 2567 548 2646 Allobrogibus,
570 2574 605 2626 ut
630 2565 777 2626 frumenti
802 2566 927 2647 copiam
953 2569 1053 2632 faeer-

207 2655 296 2711 ente.

126 2727 209 2786 Eum
223 2725 337 2785 auxilio
352 2724 465 2786 Oaesari
478 2725 637 2785 miserunt.

128 2807 209 2868 Sunt
224 2805 311 2865 nobis
325 2805 429 2884 magni
443 2806 582 2865 honores.

125 2887 198 2964 Ipse
212 2885 269 2945 sibi
283 2884 430 2964 perniciei
443 2885 510 2944 fuit.

126 2966 271 3026 Redeunt
286 2966 352 3044 jam
366 2967 505 3044 gramina
518 2962 641 3042 eampis.

126 3044 267 3106 Faotioni
281 3043 471 3104 inimieorum
485 3045 624 3103 resistere
638 3042 786 3123 nequivit.

126 3124 255 3185 Insidias
270 3124 327 3184 sibi
341 3123 406 3182 fieri
421 3123 584 3183 intellexit.

126 3203 216 3266 Lieet
230 3204 328 3266 cuivis
341 3202 474 3281 Ephero,
489 3204 548 3261 hoo
564 3202 661 3261 faeere
675 3201 749 3281 regi.

152 3417 281 3461 aRuleeo.
322 3413 406 3459 bRule
415 3415 435 3466 1,
444 3413 541 3459 Reme.
579 3413 702 3456 eRule89.
740 3410 757 3453 d
764 3411 825 3455 Rule
836 3417 856 3468 1,
865 3416 937 3464 Rem.
947 3423 970 3468 9.
