2220 3750
440 245 622 293 Exnacffiaa.

93 401 230 463 Biduum
245 401 408 462 Laodiceae
422 401 474 462 sui.

96 482 285 541 Chersoneso
300 482 357 540 tali
371 481 465 540 modo
481 482 656 555 constituta,
671 483 846 541 revertitur.

93 560 297 621 Barbarcnrm
311 560 409 639 copiis
424 561 558 639 dejectis,
573 568 640 621 tota
653 561 787 640 regione,
802 579 893 638 quam
910 563 1002 640 petic-

171 651 228 714 rat‚
242 649 362 719 potitus
378 649 436 699 est.

93 718 142 779 Eo
154 721 224 780 loco
239 739 347 779 omnes
361 719 552 780 interierunt.

93 797 204 858 Praeda
217 800 406 878 locupletato
421 799 567 874 exercitu,
581 800 724 860 maximis
738 799 828 858 rebus
848 799 944 878 gestis
965 801 1003 862 ad

172 879 278 938 urbem
294 888 454 938 venerunt.
632 928 634 932 .

93 956 147 1016 Me
160 959 316 1017 literarum
331 958 521 1036 exspectatio
535 958 761 1018 Thessalonicae
775 966 871 1018 tenet.

94 1036 250 1096 Hannibal
265 1038 296 1096 in
311 1038 441 1096 hiberna
456 1038 592 1116 Capuam
607 1038 767 1099 concessit.

95 1115 204 1175 Hieme
220 1117 280 1176 ursi
295 1117 327 1176 in
343 1116 438 1176 antris
452 1117 617 1177 dormiunt.

94 1195 209 1274 Magno
224 1195 336 1276 ubique
351 1195 451 1274 pretio
465 1196 563 1256 virtus
576 1198 755 1258 aestimatur.

96 1274 263 1334 Consulatu
276 1285 402 1354 peracto
416 1275 554 1354 privatus
568 1276 599 1334 in
614 1279 689 1337 urbe
704 1275 825 1334 mansit.

96 1351 146 1413 Lis
161 1355 225 1432 ejus
239 1355 391 1415 aestimata
405 1367 452 1415 est
466 1366 591 1415 centurn
606 1356 738 1415 talentis.

94 1431 202 1493 Monte
217 1446 375 1513 occupate,
390 1446 511 1496 nostros
525 1436 732 1513 exspectabat.

97 1514 203 1575 Conon
216 1515 383 1594 plurimirm
399 1513 494 1594 Cypri
508 1514 595 1574 vixit.

96 1591 211 1655 Litcras
225 1596 370 1656 Athenas
385 1595 506 1673 publice
520 1594 613 1654 misit.

96 1672 210 1734 Chares
224 1674 357 1735 Athenis
372 1683 405 1733 et
419 1675 586 1733 honoratus
601 1684 633 1734 et
646 1684 758 1754 potens
772 1672 840 1733 fuit.

134 1751 204 1814 Hoc
217 1773 365 1833 responso
379 1753 454 1814 dato
469 1753 614 1814 discessit.
715 1827 719 1831 ι

95 1829 216 1905 Darius,
225 1840 363 1893 exercitu
377 1851 416 1891 ex
429 1833 506 1892 Asia
521 1833 552 1890 in
562 1831 717 1911 Europam
728 1831 866 1912 trajecto,
878 1832 1003 1912 Scythis

172 1913 288 1972 bellum
302 1911 414 1971 inferre
429 1911 574 1972 decrevit.

95 1990 222 2052 Postero
237 1993 287 2050 die
302 1990 442 2050 Helvetii
455 2001 555 2050 castra
569 2011 608 2050 ex
622 2010 660 2050 eo
673 1991 742 2050 loco
754 2000 892 2050 movent.

95 2069 196 2148 Reges
209 2091 318 2150 pacem
334 2070 454 2149 ingenti
467 2070 596 2149 pecunia
610 2070 832 2130 mercabantur.

95 2149 174 2209 Galli
188 2153 343 2229 qnondam
358 2149 450 2229 longe
466 2149 505 2208 ab
519 2149 581 2208 suis
602 2150 726 2209 sedibus
746 2148 885 2228 Delphos
906 2169 1002 2229 usque

172 2230 300 2309 profecti
316 2239 396 2289 sunt.

90 2307 320 2390 improbarum
334 2308 429 2368 animi
443 2307 689 2368 solicitudinibus
702 2316 811 2368 noctes
828 2317 919 2387 atque
937 2309 1002 2367 dies

172 2390 355 2449 exeduntur.

94 2466 249 2541 Hercules,
259 2469 279 2528 J
282 2468 347 2527 ovis
363 2476 394 2526 et
404 2466 535 2527 Asteriae
545 2466 634 2540 filius,
643 2465 720 2544 Tyri
733 2473 867 2525 maxime
882 2466 1002 2526 colitur.

94 2543 170 2607 Inde
184 2548 342 2626 Ephesum
357 2546 491 2624 pevenit.
1003 2557 1007 2570 “

94 2627 223 2688 Athenis
239 2637 330 2685 natus
347 2636 403 2685 est.
715 2674 718 2681 .

94 2707 267 2766 Alexander
281 2705 440 2784 Babylone
455 2711 596 2764 mortuus
611 2712 667 2766 est.

93 2779 185 2846 Domi
198 2805 230 2846 se
245 2785 354 2845 tenuit.

92 2862 227 2924 Domum
241 2873 400 2923 revocatus
415 2872 471 2924 est.

92 2941 203 3004 Domol
218 2953 379 3003 arcessitus
393 2952 448 3003 est.

92 3021 238 3083 Domum⁶
252 3023 365 3083 reverti
379 3023 486 3083 noluit.

84 3099 198 3162 'Domill
212 3103 333 3182 quietus
346 3102 414 3161 fuit.

92 3179 194 3242 Prima
208 3183 276 3241 luce
292 3201 415 3240 omnem
430 3180 603 3260 equitatum
618 3180 788 3258 praemittit.
857 3206 859 3209 ·

78 3333 293 3416 cauleaaema.
318 3360 514 3414 andecanem.
546 3357 628 3401 cRule
637 3364 672 3412 81,
680 3364 748 3405 Rem.
782 3357 981 3408 dRule80,Rem.

309 3431 354 3474 lb*
