2220 3750
494 252 677 302 nxuactens.
999 235 1062 301 189

149 409 248 470 Caesar
265 409 389 490 (when)
407 407 502 469 about
515 417 549 469 to
563 429 604 489 go
618 409 685 469 into
700 407 789 482 Gaul,
804 406 904 468 called
920 408 1065 487 together

227 491 279 551 the
295 488 484 549 centurione.

150 567 240 647 They
253 569 396 648 repaired
412 568 465 627 the
479 568 675 629 overthrown
690 568 784 629 walls.

149 647 370 708 Embassadors
384 667 465 707 were
481 657 549 707 sent
563 657 597 707 to
613 648 715 708 Caesar
727 657 762 707 to
776 647 905 726 implore
921 646 981 707 aid.
1080 707 1085 716 ,

150 727 240 806 They
254 727 404 806 captured
417 727 472 786 the
487 726 679 805 vanquished
692 727 774 787 ficet.

151 804 252 885 Being
266 807 451 886 conqucrcd‚
467 807 542 884 they
555 807 625 865 fied.

152 885 278 965 Having
291 886 444 946 exhorted
458 887 511 945 the
526 886 663 960 uoldiers,
676 887 716 945 hc
736 904 817 966 gave
836 887 891 946 the
911 884 1011 965 signal
1032 894 1065 945 to

221 967 317 1026 them
332 964 468 1044 desiring
480 965 514 1025 it.

512 1161 666 1222 XLVIII.

119 1275 263 1337 Odanda
283 1276 353 1336 aad
366 1276 664 1363 duptam—Balce
674 1274 809 1348 24t027,
821 1274 889 1335 aad
895 1273 1062 1334 Remarlcr.

55 1420 59 1426 ·
154 1388 294 1449 Instabat
308 1398 431 1467 tempus
446 1392 483 1448 ad
496 1390 612 1448 bellum
626 1388 848 1468 proficiscendi.

153 1468 272 1528 Nactus
287 1468 432 1527 idoneam
447 1470 486 1527 ad
501 1468 724 1548 navigandum
735 1475 953 1548 tempestatem
964 1465 1065 1527 solvit.

157 1547 337 1607 Hiematum
353 1550 523 1606 exercitum
536 1548 668 1608 reduxit.

156 1626 315 1686 studiosus
329 1627 473 1685 audiendi
487 1637 561 1686 crat.

79 1725 81 1728 ⁴
153 1705 269 1766 Nando
283 1706 315 1765 in
330 1715 434 1765 tutum
447 1714 663 1785 pervenerunt.

154 1784 285 1845 Difficile
301 1794 349 1845 est
362 1785 454 1844 factu.
474 1813 476 1816 >

154 1863 315 1923 Auxilium
329 1865 519 1943 postulatum
532 1865 628 1925 venit.

155 1942 340 2020 Incredibile
355 1953 403 2003 est
416 1943 522 2004 dictu.l

156 2022 207 2083 Sic
221 2023 404 2102 se-gerendo
418 2023 544 2083 minlme
559 2032 606 2083 est
619 2023 793 2082 mirandum
807 2021 833 2083 si
845 2021 911 2082 vita
925 2021 991 2100 ejus
1007 2021 1066 2082 fuit

233 2122 347 2163 secura.

154 2180 337 2241 Mirabiliter
350 2181 520 2260 flagrabant
533 2182 692 2260 pugnandi
706 2181 884 2260 cupiditate.

154 2260 263 2340 Legati
278 2261 318 2320 ad
335 2261 487 2321 Oaesarem
501 2262 690 2339 gratulatum
704 2269 865 2321 venerunt.

153 2340 246 2418 Aqua
261 2340 346 2400 utilis
360 2348 408 2398 est
421 2339 562 2399 bibendo

134 2419 309 2498 ‘Imprimis
325 2417 456 2478 dicendo
471 2420 602 2479 valebat.

154 2497 304 2558 Periaclle
319 2496 415 2557 facul
429 2516 494 2557 esse
510 2498 561 2557 ille
574 2499 695 2577 probat.

153 2576 246 2637 Diem
260 2578 302 2637 ad
317 2577 550 2637 deliberandum
564 2578 666 2638 sumit.

152 2655 288 2736 Legatos
303 2659 340 2715 ad
356 2657 492 2716 Oaearem
506 2657 637 2716 mittunt
650 2665 793 2737 rogatum
808 2657 964 2717 auxilium.

154 2736 257 2796 Oaesar
271 2735 419 2814 loquendi
432 2736 527 2794 finem
540 2736 622 2796 fecit.

152 2813 328 2875 MaritImos
337 2814 495 2893 praedones
505 2815 711 2875 consectando
718 2833 801 2873 mare
808 2823 913 2875 tutum
920 2813 1065 2875 reddidit.

153 2893 265 2953 Finem
280 2894 480 2972 oppugnandi
493 2913 556 2953 nox
570 2895 652 2954 fecit.

152 2972 244 3033 Mens
258 2972 403 3032 discendo
417 2973 510 3032 alitur
523 2983 555 3033 et
569 2972 743 3052 cogitando.

152 3051 285 3112 Difficile
300 3061 348 3111 est
361 3052 529 3111 intellectu.

152 3130 335 3210 Phillippus,
357 3150 451 3209 quum
471 3139 644 3209 spectatum
664 3131 755 3191 ludos
774 3128 854 3204 iret?
869 3131 961 3208 juxta
980 3127 1064 3186 thea-

232 3219 318 3270 trum
332 3212 451 3270 occisus
465 3219 521 3270 est.

112 3334 959 3439 onmestoruamlrttng,gemnds.9⁶o‚1{plssefortrauslat1nr‚supinet
986 3329 1063 3374 anule
