2220 3750
493 255 677 306 EXEROISES.

142 412 271 475 Misbret
286 422 318 475 te
334 414 471 487 aliorum,
486 414 533 473 tui
547 434 609 474 non
626 413 760 474 miseret.

144 495 243 573 Culpa
258 514 364 572 regem
380 495 598 553 liberaverunt.

144 574 252 633 Pecori
268 574 390 652 signum
407 573 569 651 impressit.

143 653 324 713 Detrudunt
339 673 434 711 naves
451 654 584 732 scopulo.

144 733 283 812 Equites,
298 733 350 812 qui
365 733 425 792 toti
443 733 550 793 Galliae
566 743 654 794 erant
667 731 819 812 imperati,
833 728 1031 793 conveniunt.

146 813 255 873 Subtto
271 812 481 872 misericordia
496 813 567 873 odio
582 821 776 875 successerat.

53 943 55 946 Α
143 891 244 951 Iidem
259 892 364 952 hostes
381 901 469 952 erant
485 892 613 953 civitati.

145 972 193 1030 Ea
207 992 313 1042 ornnes
327 982 412 1032 stant
429 973 591 1034 sententia.

144 1050 366 1111 Maturandum
378 1051 436 1111 sibi
452 1051 648 1113 existimavit.

144 1131 268 1190 Placuit
281 1133 316 1205 ei,
332 1141 367 1191 ut
384 1133 501 1210 legatos
516 1133 678 1192 mitteret?

145 1210 223 1282 Quae
237 1211 366 1270 victoria
381 1231 501 1289 magnae
515 1212 574 1271 fuit
587 1210 703 1272 Atticis
717 1209 844 1272 laetitiae.

142 1291 272 1350 Fortem
287 1311 318 1349 se
334 1291 551 1370 imperatorem
562 1291 711 1369 praebuit?

143 1370 265 1429 Tremit
279 1378 384 1430 artus?

142 1500 273 1558 Auxilia
286 1520 393 1580 regem
410 1502 547 1562 orabant.
580 1547 583 1551 ψ

142 1579 243 1638 Nulla
256 1590 378 1639 tuorum
395 1581 502 1640 audita
515 1580 591 1640 mihi
606 1600 706 1661 neque
720 1581 788 1641 visa
801 1592 947 1642 sororum.

146 1659 316 1719 Senectdte
333 1661 411 1720 obiit
426 1661 508 1719 diem
524 1673 709 1738 supremum.
740 1737 742 1739 Ι

100 1741 103 1745 ’
143 1739 261 1798 Mirum
276 1740 429 1798 somniari
443 1760 595 1802 somnum.

143 1817 230 1877 Navi
245 1839 386 1898 egressus
402 1828 458 1879 est.

143 1897 189 1957 Et
210 1904 328 1959 naturae
344 1909 375 1958 ct
392 1900 510 1977 legibus
524 1899 682 1961 satisfecit.

142 1978 309 2056 Agesilaus
324 1977 565 2056 Hellespontum
579 1981 682 2059 copias
695 1980 826 2061 trajocit.

146 2058 248 2118 Caesar
261 2058 370 2138 proelio
386 2060 584 2137 supersedere
599 2060 715 2120 statuit.

143 2135 218 2196 Pari
232 2139 357 2198 fortona
371 2139 402 2197 in
418 2144 501 2198 terra
513 2159 586 2198 usus
601 2147 659 2198 est.

146 2217 211 2278 Suo
224 2220 341 2278 honore
355 2218 487 2277 laetotur.
639 2281 642 2290 ι

143 2297 256 2358 Ambae
271 2306 303 2357 te
319 2297 514 2357 obsecramus
528 2298 658 2376 genibus
672 2298 763 2359 nixae.

143 2377 278 2437 Nostros
293 2377 425 2436 navibus
441 2378 546 2456 egredi
560 2377 773 2456 prohibobant.

144 2455 263 2516 Labore
279 2457 403 2517 assiduo
419 2466 451 2516 et
465 2456 646 2535 quotidiano
661 2456 775 2516 assuoti
788 2465 869 2517 sunt.

144 2536 313 2596 Neminem
330 2537 490 2615 jacentem
505 2546 592 2595 veste
606 2535 760 2615 spoliavit.

144 2618 253 2677 Insdla
268 2617 407 2675 abundat
423 2614 548 2675 divitiis.

145 2696 220 2754 Non
235 2705 299 2756 tam
315 2695 389 2755 artis
404 2693 561 2774 indigentul
575 2713 667 2774 quam
681 2696 802 2756 laboris.

145 2775 264 2834 Totum
280 2785 420 2835 montem
435 2775 610 2834 hominibus
624 2774 743 2852 implori
759 2775 861 2853 jussit.

147 2855 381 2914 consuetudine
397 2857 452 2914 suri
467 2856 504 2912 ad
518 2855 613 2933 pedes
627 2853 824 2914 desiluornnt.

144 2934 317 2994 Neminem
328 2933 484 2993 Alcibiadi
498 2932 632 3011 praefero
646 2933 862 3010 magnitudine
877 2931 979 2994 animi.

145 3014 300 3074 Omnibus
314 3013 411 3093 copiis
427 3022 554 3092 repente
575 3031 615 3071 ex
635 3011 750 3091 oppido
772 3013 964 3092 eruptionem
984 3011 1062 3069 feco-

226 3103 308 3154 runt.

155 3269 171 3297 a
180 3257 238 3297 Rule
247 3259 280 3308 90,
290 3255 336 3298 and
345 3255 406 3298 rules
414 3255 451 3297 for
459 3255 609 3308 translatlng‚
620 3254 772 3308 subjnnctlve,
781 3257 802 3297 4.
891 3251 970 3294 bRule
978 3252 1009 3292 oo.

155 3306 236 3348 oRule
244 3308 277 3350 69.
506 3305 522 3344 cl
530 3305 587 3346 Rulc
598 3306 631 3355 40,
643 3307 664 3346 2.
