2220 3750
88 80 161 139 Heu
175 75 349 137 miserande
363 76 460 155 pueri

89 160 161 219 Heu
176 179 225 217 me
241 157 412 216 infelicem!

88 239 169 300 Ecce
186 257 267 298 nova
281 237 372 296 turba
387 247 478 315 atque
492 235 577 295 rixa!

90 318 147 391 Tu,
162 318 311 396 Micythe,
328 329 490 394 argentum
504 315 576 374 huic
589 313 693 376 reddo.

90 398 161 458 Heu
175 404 297 456 vanitas
313 397 464 455 bumana!

89 478 213 550 DesIne,
230 476 413 548 Meneclium
429 475 504 534 mibi
518 473 697 552 exprobere.

90 558 162 617 Heu
177 557 284 648 odopol
299 574 346 614 res
360 554 569 615 turbulentas!

90 637 152 697 Hei
167 637 259 696 mihi!
281 636 460 695 conclamat.

90 717 149 777 Vre
165 715 271 776 victis!

90 796 119 856 Ο
135 797 178 856 mi
192 795 308 855 Furni!

485 923 571 984 LIX.

49 1058 282 1118 Promiscuous
303 1056 481 1134 Esontpleu
496 1057 662 1134 requirinq
683 1054 732 1114 tte
754 1058 960 1134 application
974 1059 1015 1138 os

239 1137 338 1195 [tulos
359 1138 401 1214 of
419 1136 543 1214 Syneon
562 1137 656 1214 frons
678 1135 694 1194 1
718 1145 750 1196 to
774 1139 824 1196 88.

91 1265 253 1346 Ingenium
269 1265 368 1324 docile
384 1273 415 1324 et
430 1284 516 1324 come
530 1263 647 1324 habuit.

94 1345 172 1404 Cum
187 1345 300 1423 paucis,
316 1345 368 1402 sed
386 1344 458 1403 viris
472 1343 611 1415 fortibus,
626 1362 739 1401 navem
754 1345 952 1408 conscendit.

92 1424 170 1483 Post
185 1444 299 1482 annum
315 1434 456 1502 quintum
471 1424 502 1482 in
518 1423 661 1502 patriam⁰
674 1433 842 1484 revocatus
857 1436 916 1486 est.

92 1503 178 1562 Victi
193 1513 280 1562 erant
295 1503 430 1582 quinque
444 1503 557 1582 proeliis
571 1503 778 1577 terrestribus,
792 1505 897 1566 tribus
911 1505 1012 1566 naval-

172 1583 249 1643 ibus

92 1663 283 1742 Reipublicae
300 1671 414 1741 peritus
428 1662 495 1722 fuit.

94 1742 241 1814 Quaedam
257 1742 400 1801 animalia
414 1750 486 1799 sunt
499 1740 576 1799 lucis
589 1740 704 1799 timida.

95 1823 211 1882 Statuit
225 1821 340 1901 ailquid
357 1821 413 1880 sibi
428 1820 546 1879 consilii
561 1820 634 1878 novi
649 1838 714 1878 esse
730 1820 932 1899 capiendum.

95 1902 235 1961 Civitatis
251 1901 393 1980 regendus
409 1909 524 1978 peritus
538 1900 605 1958 fuit.

93 1981 177 2040 Novi
193 1983 305 2060 aliquid
321 1980 389 2039 iniri
404 1980 523 2039 consilii
537 1979 765 2039 intellexerunt.

94 2061 124 2120 Is
139 2061 224 2120 locus
239 2062 324 2120 abost
342 2061 461 2120 circiter
475 2059 570 2118 millia
583 2078 729 2137 passuum
744 2059 868 2121 decem.

93 2140 166 2199 Non
183 2160 292 2219 expers
308 2141 367 2200 fuit
381 2139 515 2219 periculi.

95 2220 310 2280 Sestertiorum
328 2231 451 2278 centurn
466 2218 562 2276 millia
576 2217 693 2276 muneri
707 2217 802 2278 misit.

95 2298 230 2358 Consilia
244 2319 338 2376 quum
355 2299 460 2377 patriae
476 2309 544 2357 tum
558 2297 615 2357 sibi
630 2297 918 2377 mimicacapicbat.

94 2376 226 2436 Obviam
241 2378 269 2435 ei
285 2388 444 2437 venerunt.

93 2455 248 2516 Postridie
264 2457 290 2534 ej
296 2477 330 2516 us
344 2457 402 2516 diei
417 2475 486 2515 suas
500 2455 603 2534 copias
617 2455 732 2513 flumen
747 2457 937 2519 transduxit.

94 2534 176 2607 Quob
190 2537 257 2614 quis
272 2535 444 2608 indoctior,b
458 2556 495 2595 eo
509 2534 728 2613 impudentior.

92 2615 144 2675 Ita
161 2615 239 2675 vixit
265 2626 301 2675 ut
329 2615 479 2676 universis
502 2614 748 2680 Atheniensibus
775 2617 891 2678 merito
919 2620 999 2678 esset‘

173 2695 354 2755 carissimus.

92 2774 137 2833 Os
151 2775 355 2852 humerosque
371 2774 431 2832 deo
446 2772 552 2833 similis
567 2772 716 2850 apparuit,

91 2853 223 2932 Propior
237 2854 358 2927 hostem
373 2853 540 2914 collocatus
554 2860 644 2911 esset.

111 3036 202 3080 aRule
212 3039 234 3092 1,
244 3037 315 3081 Rem.
325 3037 346 3080 9.
469 3028 703 3084 bRutetoat‘emu.
819 3034 936 3078 suum,
