2220 3750
74 222 136 290 222
448 234 644 285 λ3212201529.

112 392 247 468 Legatos
262 390 413 451 miserunt
428 392 480 472 qui
491 411 560 452 eum
574 391 733 450 absentem
745 402 939 469 accusarent,
950 393 1032 474 qudd

177 472 373 531 societatem
388 492 459 531 cum
475 493 545 551 rege
560 471 724 530 Persarum
741 471 875 533 fecisset.

113 551 230 612 Milites
245 571 289 624 ea,
306 571 373 631 quae
389 552 621 630 imperarentur,
637 551 771 609 libenter
786 552 941 613 teearunt.

112 633 187 692 Non
202 633 329 690 vendrat
346 632 429 710 quod
444 631 544 691 seiam.
970 631 972 634 ’

114 713 216 774 Caesar
230 711 410 789 equitatum,
426 710 479 791 qui
500 709 686 771 sustinerent
707 708 847 770 hostium
868 710 1032 792 impdtum,

193 791 286 851 misit.

113 872 257 964 Videtur,
272 870 325 950 qui
339 869 504 950 aliquando
521 869 660 962 imperet,
674 867 788 948 dignus
803 889 879 932 esse.

113 951 294 1011 Peccavrsse
308 950 382 1009 mihi
395 950 511 1024 videor,
527 969 580 1029 qni
595 967 613 1008 a
627 959 658 1009 te
673 948 876 1011 discesserim.

112 1031 230 1110 Magna
249 1029 309 1091 suit
330 1030 618 1103 contendentium
639 1029 792 1089 moenibus
813 1050 846 1091 se
868 1031 1031 1091 defendor·

193 1123 271 1184 rent,
286 1130 324 1170 an
340 1110 463 1172 obviam
479 1109 560 1170 irent
574 1108 714 1170 hostibus
733 1109 861 1199 acieque
883 1111 1030 1172 decerne·

112 1201 288 1332 Acciseaiiis
301 1279 348 1331 est
362 1269 552 1350 proditionis,
564 1268 657 1349 quod,
669 1288 763 1348 quum
778 1267 895 1328 Parum
911 1289 1030 1349 expug-

192 1361 266 1442 nare
279 1351 384 1429 possit,
399 1367 417 1409 a
431 1367 503 1430 rege
526 1357 695 1428 corruptus,
710 1347 834 1410 infectis
855 1349 948 1410 rebus
969 1349 1030 1410 dis·

193 1439 342 1491 cessisset.

112 1561 265 1622 Miserunt
279 1561 420 1641 Delphos
436 1558 621 1634 consultum,
635 1559 783 1639 quidnam
797 1559 943 1621 sanarent.

113 1640 248 1719 Legatos
270 1641 428 1713 miserunt,
450 1640 502 1719 qui
523 1639 718 1718 Lysandrum
739 1647 927 1714 accusarent,
942 1639 1028 1720 quod

193 1721 366 1780 sacerdotes
380 1719 443 1778 fam
459 1722 652 1797 eorrumpere
668 1729 797 1778 conatus
811 1728 901 1778 esset.

113 1800 249 1860 Pontem
271 1799 345 1860 fecit
369 1798 399 1859 in
425 1797 535 1860 Histro
557 1797 693 1875 flumIne,
714 1803 774 1877 qua
796 1799 900 1879 copias
921 1800 1029 1861 tradu-

120 1891 123 1897 '
193 1881 285 1939 cerat.

114 1959 250 2038 Ooilogis
256 1958 404 2097 praedixit
419 1966 453 2018 ut
468 1977 507 2018 ne
522 1956 607 2037 priirs
626 1956 932 2018 Lacedaemoniorum
948 1960 1028 2040 lega·

192 2049 242 2098 tos
279 2039 456 2111 imitterent,
472 2042 563 2117 quam
578 2036 642 2115 ipse
658 2046 739 2096 esset
753 2037 906 2097 remissus.

111 2118 244 2179 Difficile
259 2118 428 2191 intellectu,
444 2129 548 2177 utrum
565 2135 637 2176 eum
658 2115 747 2176 amici
767 2117 864 2197 magis
885 2137 1027 2191 vereren-

191 2205 264 2271 tur,‘¹
279 2217 317 2256 an
332 2204 495 2256 amarent-‚⁰

113 2276 224 2350 Suasit,
240 2275 438 2336 Pharnabazo
461 2276 494 2335 id
508 2275 626 2354 negotii
639 2275 735 2335 daret.

113 2357 215 2418 Oaesar
236 2357 315 2416 dixit
336 2375 378 2430 se,
400 2364 566 2435 postquam
587 2355 691 2415 hostes
711 2353 771 2414 fusi
792 2364 904 2430 essent,
925 2366 1026 2418 eastra

192 2437 381 2495 munitorum
397 2455 472 2495 esse.

110 2515 222 2594 Neque
238 2516 324 2575 abest
339 2515 480 2594 suspicio,
495 2513 568 2594 quin
589 2512 654 2592 ipse
675 2511 733 2572 sibi
754 2524 888 2575 mortem
906 2515 1027 2585 ,oonsoi-
1048 2573 1063 2595 ρ

192 2594 279 2653 verit.

111 2673 215 2734 Caesar
227 2692 289 2731 non
306 2672 550 2751 exspectandum
564 2672 621 2732 sibi
640 2671 758 2746 statuit,
772 2672 848 2732 dum
865 2672 897 2732 in
917 2673 1027 2735 Santo-

191 2770 245 2811 nes
261 2752 400 2812 Helvetii
413 2755 623 2829 pervenirent.

110 2832 212 2891 Multo
227 2831 358 2908 gravius,
373 2833 455 2910 quod
469 2832 510 2890 sit
524 2831 701 2904 destitdtus,
717 2839 863 2909 queritur.

111 2911 267 2983 Ostendit,
281 2910 434 2970 Helvetiis
448 2911 591 2989 perfacile
606 2929 680 2983 esse,
690 2930 786 2989 quum
797 2912 913 2971 virtute
928 2917 1025 2972 omni-

190 2990 248 3049 bus
262 2999 450 3067 praestarent,
465 2989 593 3068 imperio
608 2990 709 3067 potiri.

111 3067 261 3150 Poposcit
276 3088 388 3143 servos,
403 3069 456 3148 qui
470 3069 509 3130 ad
524 3087 577 3128 eos
589 3069 804 3149 perfugissent.
861 3106 865 3111 -

483 3293 500 3325 a
509 3280 569 3325 Rule
576 3282 612 3328 97.
