2220 3750
74 215 137 281 180
447 226 639 274 exsecrans.

114 387 204 464 They
219 403 300 444 were
315 382 423 442 driven
437 383 518 443 from
532 383 600 442 that
614 390 708 442 town.

116 466 205 556 Some
222 482 302 523 were
319 463 415 522 borne
430 461 462 522 in
477 481 536 521 one
551 461 700 521 direction
718 462 825 543 (part),
841 461 910 521 and
931 463 1041 524 others

114 623 182 683 The
196 543 462 703 lglbriblrlblhliimself
476 621 528 680 fell
542 618 575 680 in
589 622 657 681 that
670 620 776 681 battle.

114 704 205 782 They
217 702 271 762 did
286 701 417 780 nothing
431 701 598 779 unworthy
613 699 649 760 of
664 699 862 761 themselves.

488 899 606 961 XLIV.

207 1029 351 1090 Relatiue
372 1029 554 1089 Pronoean.
564 1029 691 1089 -Rule
712 1028 739 1103 1,
754 1029 847 1090 Rem.
862 1031 891 1092 8.

113 1159 146 1221 Is
161 1173 275 1220 amicus
290 1168 345 1232 est,
361 1158 412 1238 qui
428 1158 534 1237 juvat‘·
547 1158 580 1218 in
592 1159 684 1218 rebus
699 1158 846 1218 adversis.
911 1161 913 1166 ’

112 1239 224 1318 Legati
239 1238 322 1298 missi
337 1248 417 1312 sunt,
429 1238 480 1317 qui
495 1237 699 1298 consulerent
714 1239 881 1299 oraculum.

113 1320 230 1380 Incidit
244 1319 275 1377 'm
291 1318 419 1377 eandem
433 1317 587 1391 invidiam,
602 1337 693 1410 quam
706 1327 795 1395 pater
809 1337 891 1379 suus.

113 1397 171 1473 Ea,
184 1420 253 1479 quae
268 1403 360 1476 supra
374 1398 512 1471 diximus,
526 1398 739 1476 preedrcarunt.

114 1478 147 1539 Is
168 1479 250 1539 inter
274 1477 505 1555 Thrasybulum
530 1486 562 1536 et
585 1497 646 1551 eos,
671 1477 723 1555 qui
744 1475 853 1536 urbem
874 1477 1035 1551 tenebant,

77 1587 85 1604 ·
197 1557 271 1617 fecit
292 1577 409 1636 pacem.

115 1637 265 1717 Ingn'stus
280 1645 327 1696 est
341 1637 441 1709 h0m0,
456 1635 509 1714 qui
523 1655 585 1695 non
599 1634 782 1695 beneficium
797 1635 912 1698 reddit.

115 1714 172 1789 Ea,
187 1735 255 1794 quae
272 1715 456 1795 apportavit,
471 1715 671 1775 abstulerunt.

118 1795 203 1856 Civis
218 1803 265 1854 est
279 1794 313 1870 is,
329 1794 381 1886 qui
395 1795 525 1872 patriam
539 1814 625 1854 suam
638 1793 749 1874 diligit.

117 1873 166 1950 ld,
181 1874 263 1953 quod
278 1874 434 1952 polhcitus
449 1883 522 1947 erat,
536 1873 690 1952 praestitit.

117 1953 264 2015 Pecuniae
285 1953 509 2033 quinquaginta
535 1953 661 2027 talenta,
689 1972 757 2033 quae
782 1971 801 2012 a
827 1951 1034 2016 Pharnabazo

200 2041 368 2112 acceperat,
382 2032 501 2093 civibus
515 2033 577 2092 suis
592 2032 697 2092 donat.

118 2112 313 2193 Legationes,
331 2133 399 2191 quae
411 2112 528 2174 essentl
548 2112 735 2185 illustriores,
749 2130 805 2190 per
824 2110 961 2172 Dionem
982 2112 1032 2172 ad·

200 2193 462 2252 ministrabantur.
726 2215 729 2219 ,

120 2271 365 2345 Multitudinem,
381 2290 472 2350 quam
487 2290 592 2330 secum
606 2271 745 2344 duxerat,
759 2269 791 2330 in
806 2270 888 2350 agris
907 2270 1033 2332 collocor

200 2351 255 2411 vit.
968 2374 971 2385 ⁴

120 2430 265 2503 Pontem,
280 2429 412 2509 quierat
427 2428 467 2488 ad
482 2428 650 2502 Generum,
664 2428 852 2490 rescindunt.

121 2509 313 2589 Equitium,
328 2509 382 2587 qui
396 2508 571 2569 sustineretl
584 2508 720 2568 hostium
734 2508 895 2587 impetum,
908 2508 1000 2570 misit.

121 2588 160 2648 In
177 2589 254 2646 fines
269 2587 493 2647 Ambianorum
510 2588 661 2666 pervenit,
676 2587 728 2666 qui
745 2608 777 2647 sc
794 2595 914 2668 suique
932 2588 1032 2649 omnia
1072 2607 1078 2619 ’

202 2667 266 2726 sine
281 2670 367 2725 mora
382 2666 574 2727 dediderunt.

122 2745 172 2810 Ex
186 2746 255 2804 loco
270 2746 516 2824 superiorc'quae
529 2766 578 2807 res
591 2746 623 2806 in
637 2745 751 2808 nostris
765 2747 873 2809 castris
887 2747 1033 2828 gereban-

203 2834 261 2897 tur,
276 2824 469 2902 conspicatus
484 2836 538 2885 est.

122 2904 255 2977 Flumen
271 2913 318 2963 est
332 2903 421 2980 Arar,
436 2905 520 2984 quod
534 2905 566 2966 in
580 2905 769 2966 Rhodanum
782 2906 892 2967 influit.

122 2982 252 3063 Tublius
268 2982 440 3065 Considius,
452 2983 504 3063 qui
518 2984 562 3043 rei
576 2985 716 3058 militaris
729 2986 932 3065 peritissimus
945 2987 1035 3047 habe·

202 3062 301 3135 batur,
316 3082 387 3122 cum
401 3064 646 3142 exploratoribus
659 3067 869 3143 praemittItur.

123 3141 299 3219 Pompeius,
311 3142 363 3220 qui
373 3162 392 3203 a
403 3143 522 3204 uaesure
531 3142 632 3203 victus
643 3153 699 3220 est,
707 3145 788 3226 fugit
799 3146 838 3205 ad
849 3145 1036 3227 AEgyptum.

84 3300 207 3363 0101033,
217 3302 284 3346 Rem.
291 3305 311 3346 3.
349 3303 672 3405 bllii'iiuirlileffvbllllsm
679 3307 700 3369 t,
710 3306 757 3370 000
765 3306 835 3370 Bules
845 3306 884 3372 for
896 3307 1039 3372 unmahtim
