2220 3750
63 225 128 291 184
448 228 633 282 axnucrsus'.

102 397 212 457 Perire
233 393 350 453 maluit.

99 476 184 535 Eum
200 475 279 534 clam
292 471 462 530 interficere
476 469 609 530 volebat.

100 605 221 665 Pedem
236 601 347 662 referre
363 608 527 678 coeperunt.

101 685 168 745 Iter
180 680 318 763 patefieri
333 679 467 740 volebat.

101 763 213 823 Maluit
227 781 259 821 se
275 759 363 838 diligi
378 778 469 838 quam
483 758 589 819 metui.

104 842 186 914 Quid
201 839 266 900 fieri
282 838 381 912 velit“,
398 837 514 898 edocet.

102 922 141 982 Id
156 920 248 980 ceteri
264 919 362 978 facere
380 917 553 978 noluerunt.

103 999 207 1073 Quod
234 998 320 1057 multi
354 997 526 1071 voluerunt,
556 997 646 1077 pauci
678 1006 852 1077 potuerunt
891 1001 931 1060 ab
963 1020 1028 1060 uno

181 1089 315 1158 tyranno
332 1076 464 1156 patriam
479 1076 614 1136 liberare.

102 1159 228 1221 Violare
244 1156 447 1229 clementiam,
463 1161 555 1234 quam
569 1156 648 1246 regis
663 1175 737 1234 opes
752 1156 860 1232 minui,
874 1159 999 1220 maluit.

102 1240 286 1300 Universosc
301 1254 390 1316 pares
407 1254 472 1295 esse
487 1253 576 1313 posse
592 1234 700 1294 arebat.

102 1318 176 1377 Non
191 1318 260 1377 vult
275 1316 349 1396 regi.
583 1382 586 1386 ⁴

102 1396 228 1456 Diutius
242 1406 418 1469 nostrerum
432 1393 568 1453 milltum
580 1392 731 1472 impetum
744 1395 852 1456 hostes
866 1397 949 1457 ferre
960 1417 1028 1460 non

182 1484 358 1556 potuerunt.

104 1603 201 1667 satist
215 1613 269 1678 est,
286 1624 378 1664 unam
393 1624 467 1677 rem,
483 1602 616 1682 exempli
630 1609 728 1677 causa,
742 1605 890 1683 proferre.

103 1685 219 1744 MiIItes
234 1704 273 1743 ex
289 1685 403 1761 oppido
419 1686 504 1742 exire
521 1683 621 1761 jussit.

104 1765 244 1842 Populus
257 1763 366 1822 maluit
382 1782 453 1821 eum
468 1761 628 1821 innoxium
641 1762 744 1840 plecti,
755 1769 849 1842 quam
860 1783 893 1823 se
905 1764 1030 1826 diutius

184 1863 249 1903 esse
263 1843 295 1901 in
310 1842 428 1902 timore.

104 1924 148 1983 Et
162 1924 266 1983 obesse
281 1923 449 2001 plurimum
464 1931 497 1981 et
510 1921 655 2000 prodesse
668 1927 799 1999 poterat.

105 2004 172 2062 Aut
186 2003 331 2082 prodesse
347 2002 467 2074 volunt,
483 2010 536 2060 aut
549 2000 815 2080 delectarepottae.

105 2083 159 2143 Ad
174 2093 312 2143 montem
328 2101 361 2142 se
375 2081 508 2159 recipere
523 2088 688 2157 coeperunt.

107 2162 190 2233 Quid
203 2162 267 2221 fieri
282 2162 378 2234 velit“,
394 2158 538 2220 ostendit.

105 2241 411 2378 Reprelpiendebatur,
435 2237 518 2318 quod
545 2257 655 2316 parum
683 2239 783 2299 odisse
811 2241 914 2301 malos
940 2243 1031 2305 cives

185 2340 217 2380 vr
241 2328 361 2380 eretur.e

324 2535 553 2595 Promiecuous
574 2534 755 2612 Enumplee.

106 2667 203 2727 Pauci
218 2666 346 2726 veniunt
361 2665 397 2722 ad
411 2673 609 2724 senectutem.

108 2747 228 2806 Certior
240 2745 338 2803 factus
354 2751 409 2815 est,
424 2742 528 2802 Gallos
543 2763 649 2803 omnes
663 2744 843 2804 discessisse.

107 2824 356 2902 Vergasillaunus
372 2830 442 2899 post
456 2830 595 2880 montem
609 2842 641 2881 se
656 2822 833 2882 occultavit.

106 2904 294 2963 Nunciatum
309 2911 363 2975 est,
378 2900 412 2960 L.
428 2901 567 2961 Cassium
581 2915 714 2960 occisum
727 2920 802 2960 esse.

106 2984 233 3062 Equites
247 2983 505 3044 renunciaverunt
519 2992 618 3041 castra
632 3000 697 3040 esse
711 2983 844 3042 munita.

107 3064 285 3143 Sepulcrum
300 3063 373 3141 Cyri
389 3061 500 3140 aperiri
513 3061 692 3119 Alexander
705 3058 809 3138 jussit.

105 3143 224 3204 Codrus
238 3161 269 3202 se
284 3141 316 3200 in
330 3141 448 3200 medios
461 3139 587 3198 immisit
600 3140 713 3199 hostes.

65 3305 239 3351 aseeltuletl.
273 3303 483 3352 tRule1‚Rcm.8,
493 3303 533 3350 (1).
558 3302 768 3352 eRule1‚Rem.a
799 3303 888 3346 dRule
899 3310 921 3360 1,
931 3309 1031 3358 Rem

300 3350 448 3394 audBuleta
464 3352 560 3394 Rama
636 3353 714 3393 eBule
725 3354 768 3392 100.
