2220 3750
92 203 156 269 176
475 216 662 264 nxuacrsns.

134 375 212 435 Cum
224 380 312 452 patre
326 391 345 432 a
358 378 453 451 puero
464 371 498 431 ‘in
514 372 700 432 exercitibus
713 373 812 432 fuerat
828 384 981 438 versatus.

133 453 289 516 Aristides
305 473 373 512 cum
387 452 590 512 Themistocle
606 452 645 511 de
660 453 832 531 principatu
848 458 1023 518 contendit.

135 534 244 594 Conon
260 553 329 592 cum
344 533 475 591 navibus
488 531 520 590 in
534 531 662 610 patriam
677 532 771 591 venit.

134 612 172 672 In
187 613 293 690 proelio
308 611 428 671 cecidit.

134 692 338 751 Hasdrubalis
352 700 422 770 post
436 700 565 750 mortem
579 691 737 750 Hannibal
751 692 790 750 ab
807 701 951 754 exercitu
969 707 1050 755 acce·

216 772 263 851 pit
276 771 442 849 imperium.

134 851 333 912 Democritus
358 870 481 910 oausam
506 850 648 929 explicat,
663 870 717 910 cur
744 859 816 910 ante
845 851 952 913 lucem
979 853 1053 934 galli

216 938 350 990 canant?

136 1058 273 1119 Multbm
287 1059 319 1118 in
337 1058 461 1137 judiciis
475 1058 602 1136 privatis
616 1060 804 1119 versabatur.

137 1140 263 1199 Atticus
278 1140 416 1230 sepultus
431 1147 477 1197 est
493 1138 586 1216 juxta
600 1139 683 1197 viam
697 1138 843 1217 Appiam.

137 1218 258 1278 Praeter
271 1217 448 1298 opinionem
462 1238 510 1276 ros
525 1217 686 1278 ceciderat.

136 1297 176 1357 In
192 1298 289 1358 aciem
302 1297 444 1374 pedttum
460 1305 585 1356 centum
601 1298 754 1376 perduxit.

137 1376 255 1437 Milites
271 1376 398 1438 Caesaris
413 1376 469 1435 sub
483 1385 623 1435 montem
638 1378 816 1437 succedunt.

138 1456 197 1516 Est
210 1456 320 1535 ingens
334 1456 472 1535 gelidum
487 1456 573 1514 lucus
588 1477 683 1535 prope
699 1477 831 1516 amnem.

137 1535 188 1595 De
213 1534 426 1594 Themistoclis
451 1544 551 1594 morte
576 1535 764 1595 multimodis
786 1537 1054 1620 apud-plerosque

219 1615 366 1693 scriptum
380 1624 435 1675 est.

138 1694 253 1754 Pacem
267 1695 349 1753 inter
362 1694 439 1754 duas
452 1695 683 1774 potentissimas
698 1695 838 1755 civitates
854 1697 937 1758 fecit.

139 1773 188 1833 De
202 1772 399 1833 instantibusl
412 1773 570 1833 verissime
586 1773 755 1852 judicabat,
770 1783 803 1833 et
817 1775 858 1834 de
872 1776 986 1838 futuris
999 1777 1054 1837 cal·

218 1853 365 1912 lidissime
380 1853 570 1931 conjiciebat.

141 1933 253 2013 Copias
268 1953 284 1992 e
299 1933 429 1991 navibus
445 1931 562 1993 eduxit.

127 2013 304 2074 ‚Exercitus
314 2015 347 2072 in
361 2032 502 2090 campum
516 2011 656 2073 deduxit.

140 2092 232 2153 Rosae
246 2092 368 2172 fulgent
381 2091 464 2150 inter
477 2090 549 2151 lilia.

358 2285 590 2345 Promtacnous
611 2285 792 2364 Eaamplec.

140 2415 216 2476 Uno
231 2435 380 2476 concursu
393 2413 592 2474 barbarorum
606 2424 773 2476 maximam
785 2416 852 2477 vim
866 2420 1042 2499 prostravit.

139 2494 318 2554 Ariovistus
332 2495 371 2553 ad
388 2493 539 2552 Oaesarem
553 2494 672 2573 legatos
686 2496 791 2555 mittit.

141 2574 245 2634 Caesar
258 2574 394 2651 praedam
407 2572 557 2633 militibus
571 2575 721 2654 sociisque
736 2575 839 2636 dabat.

140 2652 191 2713 Ut
205 2652 395 2710 virtutibus⁰
412 2651 518 2723 eluxit,
532 2652 576 2711 sic
590 2653 673 2714 vitiis
684 2664 731 2714 est
746 2655 889 2719 obrutus.

142 2730 326 2810 Equestrem
342 2728 477 2789 obtinuit
491 2731 684 2810 dignitatem.

141 2811 180 2870 In
196 2810 283 2869 armis
297 2812 464 2888 plurimum
479 2813 573 2870 studii
585 2813 793 2874 consumebat.

141 2890 216 2949 Non
231 2890 361 2950 multum
375 2899 532 2970 supererat
547 2894 732 2954 munitionis.

142 2968 180 3028 In
195 2989 305 3028 navem
322 2973 464 3031 omnibus
478 2972 602 3050 ignotus
617 2973 764 3033 ascendit.

142 3048 266 3108 Pontus
280 3051 353 3109 belli
366 3050 425 3108 fuit
438 3049 680 3128 Epaminondas.

31 3139 34 3152 '
141 3128 217 3187 Non
233 3139 321 3207 pater
336 3129 459 3207 quidem
475 3129 572 3188 carior
585 3131 644 3191 fuit
658 3142 713 3192 ant
725 3131 913 3196 familiarior.

106 3301 145 3379 aa
149 3290 213 3381 chllrel
214 3291 256 3389 3713
261 3287 386 3380 ‹Rretlmltgles
393 3285 430 3326 sor
435 3287 577 3343 translation.
586 3291 733 3342 subjunctive
738 3291 816 3345 moed,
826 3297 847 3337 2.
875 3296 959 3342 bRule
968 3302 987 3352 1,
994 3300 1054 3341 Rem.
