2220 3750
425 249 610 298 emersas.

79 405 218 468 claudus
231 406 293 468 fuit
307 404 403 466 altero
417 406 505 484 pede.

79 486 153 546 Non
169 488 261 547 cessit
275 487 426 565 majorum
439 495 514 545 natu
529 485 714 546 auctoritati.

78 565 176 627 Pater
189 567 264 645 ejus,
279 566 360 644 qubd
376 575 408 625 et
422 585 515 624 manu
533 565 621 625 sortis
642 576 674 625 et
693 565 776 625 bello
797 572 940 624 strenuus
961 572 993 623 et

160 647 226 726 regi
240 646 340 705 fidelis
355 654 421 704 erat
435 654 582 724 repertus,
596 646 704 705 habuit
718 643 907 724 provinciam
926 663 994 723 par·

159 735 225 785 tem
241 725 365 786 Oiliciae.

75 803 140 878 lili,
158 807 242 864 nulla
262 811 369 864 coacta
389 823 490 877 manu,
509 804 569 864 loci
589 803 730 883 praesidic
749 802 830 877 freti,
847 803 879 862 in
901 803 993 863 silvas

161 885 349 964 paludesque
364 885 555 963 confugiunt.

80 963 202 1035 Quibus
215 965 300 1024 libris
314 964 390 1023 nihil
404 973 509 1042 potest
523 983 588 1023 esse
603 963 721 1023 dulcius
735 963 780 1036 iis,
792 963 844 1041 qui
859 963 994 1040 aliquem

162 1044 363 1122 cupiditatem
377 1044 492 1103 habent
506 1043 624 1103 notitiae
639 1045 788 1103 clarorum
803 1042 947 1100 virorum.

80 1122 156 1182 Non
171 1124 299 1200 amplius
313 1143 393 1183 senis
409 1123 543 1182 millibus
557 1142 701 1202 passuum
715 1123 887 1181 interesset.

81 1201 195 1279 Libyes
209 1203 332 1281 propius
346 1222 429 1261 mare
445 1203 586 1262 Africum
601 1202 769 1281 agitabant.

82 1281 212 1360 Propius
227 1283 357 1342 stabulis
372 1292 511 1342 armenta
525 1290 676 1341 tenerent.
919 1341 922 1350 ,

80 1359 203 1441 Magnis
217 1361 248 1419 in
270 1361 426 1422 laudibus²
439 1363 471 1422 in
492 1361 613 1422 Graecia
632 1361 691 1420 fuit
711 1358 993 1438 victorem⁶01ym-

182 1440 230 1500 iae⁶
244 1440 350 1500 citari.l

80 1461 189 1579 Perille
203 1521 321 1592 maluit,
333 1524 424 1599 quam
438 1519 527 1580 armis
542 1519 670 1598 dejectis
684 1538 796 1578 navem
812 1519 993 1596 relinquere.

82 1648 231 1708 Socerum
248 1648 356 1709 habuit
370 1645 580 1728 Hipponicum
601 1648 739 1708 omnium
760 1647 868 1707 Graeca
888 1646 993 1726 lingua
1047 1707 1050 1715 ,

161 1728 355 1807 loquentium
369 1729 564 1788 ditissimum.

82 1807 231 1867 Omnium
244 1808 370 1869 Graeciae
386 1808 545 1868 civitatum
560 1807 806 1887 splendidissima
822 1806 881 1867 fuit
894 1806 994 1866 Atho-

162 1908 218 1948 nae.
965 1899 974 1909 ‘

84 1965 176 2036 Quod
191 1969 265 2026 satis
279 1975 371 2026 esset⁶
384 1966 637 2045 praesidii‚'dedit.

84 2045 175 2105 Cives
189 2046 308 2105 civibus
322 2049 445 2124 parcere
459 2044 595 2126 aequum⁰l
609 2045 763 2106 censebat.

82 2123 227 2204 Negabat
247 2145 279 2185 sc
301 2126 330 2185 ei
344 2127 408 2185 vim
429 2127 600 2199 allaturum,
614 2125 666 2205 qui
687 2123 850 2204 aliquando
870 2120 994 2183 fuisset⁶

163 2217 287 2264 amicus.
339 2221 344 2227 ·

81 2281 186 2343 Nemo
200 2286 229 2343 ei
243 2285 376 2345 dicendo
389 2284 492 2377 potuit
506 2285 655 2344 resistere.

84 2363 245 2424 studiosus
259 2364 406 2424 audiendi
420 2373 495 2424 erat.

82 2443 185 2521 Argos
199 2444 371 2504 habitatum
386 2444 543 2504 concessit.

82 2522 202 2596 Pulsus,
223 2523 402 2583 incredibile
424 2523 518 2596 dictu,
539 2523 635 2583 biduo
656 2530 689 2582 et-
710 2521 828 2581 duabus
848 2521 993 2582 noctibus

161 2601 391 2662 Hadrumetum
404 2602 554 2682 pervenit.

84 2680 206 2755 Consul,
221 2701 301 2761 equo
315 2683 410 2742 citato
425 2683 530 2742 subter
543 2702 667 2741 murum
679 2681 815 2742 hostium
830 2681 869 2740 ad
887 2682 993 2741 cohor-

161 2771 209 2821 tes
223 2762 396 2821 advehitur.

83 2837 132 2898 ΕΚ
146 2840 211 2899 vita
225 2840 350 2901 discedo
365 2851 523 2920 tamquam
541 2859 580 2899 ex
596 2839 739 2919 hospitio,
753 2858 815 2898 non
833 2849 993 2919 tamquam

84 2921 337 3079 Majolhsdhrgslh
364 3019 434 3059 cum
461 2998 626 3071 Antiocho,
648 3018 719 3057 cum
746 2997 900 3077 Philippo,
923 3017 993 3057 curn

161 3080 284 3154 AEtolis‚
299 3099 370 3138 cum
384 3078 488 3138 Poenis
503 3078 584 3136 bella
596 3084 766 3157 gesserunt.

125 3268 206 3310 aRule
215 3270 246 3314 18.
457 3265 681 3316 bRu1033,Rem.2.
774 3263 908 3305 clhrle100.

457 3315 474 3356 d
482 3315 570 3368 supply
579 3325 634 3364 esse,
