2220 3750
488 232 673 280 EXEBOISES.

138 387 259 448 Audivi
273 387 490 448 necessitatem
503 408 569 449 esse
583 391 715 448 matrem
730 386 849 449 artium.

138 467 243 528 Nemo
257 487 290 528 se
305 479 432 527 avarum
446 487 511 528 csse
526 468 681 547 intelligit.

137 545 243 606 Proba
256 547 323 607 vita
336 547 386 606 via
400 557 447 607 est
460 547 493 607 in
508 549 624 621 caelum.

136 625 375 700 Existimabam,
390 647 423 687 se
437 647 490 687 cos
504 627 536 687 vi
550 633 711 688 coacturos
725 647 800 688 csse.

136 703 228 765 Dixit
242 725 274 766 sc
289 706 412 766 obsides
425 706 617 767 redditulum
631 727 705 767 csse.

137 783 333 863 Reperiebat,
348 785 520 864 equitatum
534 793 734 865 pertemItum
748 806 823 847 osse.

135 863 233 942 Aqua
246 862 366 924 Trebiae
379 864 516 925 fluminis
530 875 597 925 erat
610 867 787 944 pectoribus
800 876 900 927 tenus.

138 1044 261 1105 Certior
273 1046 372 1105 factus
387 1055 435 1106 est
448 1045 567 1124 legatos
581 1046 612 1104 in
628 1045 754 1105 vincula
768 1046 926 1124 conjectos
940 1065 1015 1107 esse.

137 1123 372 1184 Animadvertit
386 1133 488 1184 totum
503 1133 675 1184 exercitum
688 1144 754 1184 esso
768 1126 946 1203 periturum.

138 1202 204 1273 Qui
216 1203 296 1262 benc
310 1204 402 1263 latuit
417 1205 495 1263 benc
509 1205 598 1263 vixit.

136 1281 170 1341 N
173 1301 214 1341 on
226 1283 286 1342 hoc
302 1284 474 1361 praeteribo,
488 1302 674 1362 quamquam
693 1283 849 1342 nonnullis
868 1287 936 1346 leve
950 1283 1052 1344 visum

218 1361 255 1420 iri
268 1370 399 1440 putem?

137 1510 240 1570 Tutus
253 1510 304 1570 illc
319 1519 452 1585 nonest,
467 1531 557 1590 quem
573 1531 679 1570 omnes
694 1511 834 1570 oderunt.

140 1590 244 1650 Solem
259 1609 276 1649 e
290 1589 406 1649 mundo
421 1591 544 1664 tollunt,
559 1591 611 1669 qui
626 1590 792 1650 amicitiam
812 1609 829 1648 e
844 1590 909 1651 vitu
928 1592 1051 1654 tollunt.

136 1669 231 1730 Vinci
246 1689 338 1748 quam
352 1668 474 1728 vincare
488 1670 604 1729 maluit.

137 1749 189 1808 Nc
202 1747 325 1822 tentos,
338 1748 422 1827 quod
436 1749 519 1808 ellici
533 1769 595 1808 non
610 1747 721 1828 potest.

136 1829 262 1888 Omnia⁶
275 1827 406 1907 pecunia
419 1829 504 1888 effici
517 1849 580 1888 non
595 1838 731 1906 possunt.

136 1907 323 1986 Reperiebat
337 1907 459 1966 inltium
472 1908 553 1986 fugas
567 1927 586 1966 a
598 1907 791 1986 Dumnorige
805 1909 921 1968 iactum
935 1929 1009 1970 essc.

138 1987 241 2048 Caesar
254 1995 348 2065 negat
362 2006 395 2047 se
408 2006 498 2065 posse
512 1987 571 2046 iter
585 1985 739 2046 Helvetiis
753 1987 835 2046 darc.

135 2065 187 2126 De
202 2065 321 2145 dignos
336 2067 486 2126 annulum
499 2067 637 2127 detraho.

136 2145 300 2205 Pollicitus
314 2155 362 2204 est
376 2165 408 2204 so
423 2145 574 2205 Graeoiam
587 2146 669 2206 bello
684 2167 723 2224 op
747 2159 908 2205 ressurum.

113 2224 320 2363 ·Re⁸p1{³¹¹fflt’
335 2218 526 2284 sibi'mirum
547 2224 642 2285 vidsn'
665 2167 744 2304 qui<lj
759 2224 791 2284 iu
811 2225 912 2285 Gallia
932 2227 1048 2306 negotii

239 2323 257 2362 a
279 2312 363 2364 ciret.e

113 2456 116 2462 ⁴
134 2453 264 2513 Patrem
278 2461 367 2510 tuum
381 2451 470 2525 colui,
486 2461 517 2512 et
532 2452 635 2511 dilexi.

133 2532 214 2594 Mihi
234 2539 306 2591 vcro
327 2551 390 2591 non
412 2541 459 2590 est
479 2550 583 2609 grave,
605 2531 744 2610 quemvis
764 2531 913 2589 honorem
934 2531 1046 2592 habore

213 2609 288 2688 regi.

130 2691 266 2763 Malunt,
281 2709 351 2748 cum
364 2689 477 2750 virtute
491 2689 596 2768 paucis
617 2689 759 2753 contenti
780 2709 854 2762 esso,
870 2695 962 2768 quum
983 2689 1049 2747 sino

214 2775 251 2829 ea
263 2769 361 2828 multa
374 2768 497 2828 habire.

130 2851 246 2911 Fretus
259 2853 389 2907 numcrc
404 2848 560 2925 copiarum
574 2861 697 2910 suarum
716 2847 880 2924 confligite
898 2846 1048 2926 cupiobat.

130 2931 264 2991 Constat
278 2926 354 2985 nihil
369 2946 406 2985 eo
419 2926 510 2985 fuisso
525 2929 734 2988 excellentius.

130 3007 302 3078 Senticbat,
326 3005 501 3064 AEduorum
528 3006 754 3067 nobilissimum
782 3013 815 3064 ct
844 3005 1046 3066 fortissimum

213 3105 278 3144 esse
292 3083 495 3146 Divitiacum.

82 3297 289 3349 ‘Ruletzssem
329 3295 786 3390 tRulc89,Rcrg.RulgI{171101‚Rem.4.
825 3292 912 3335 anule
922 3295 941 3342 1,
950 3289 1042 3329 Rem

353 3411 396 3457 16*
423 3445 430 3453 ,
