2220 3750
77 234 140 302 188
465 245 649 294 nxnaorsns.

116 404 429 496 Legatusorepentina
442 421 474 460 re
488 401 693 481 perturbatus,
708 401 911 465 centuriones
927 425 1045 468 convo-

117 490 334 642 Temiiili'jus
347 560 550 621 interficiendi
564 565 698 638 quarere
712 559 931 625 instituerunt.

118 693 221 754 Hu‘us
235 690 398 751 accusandi
412 695 504 750 causa
516 689 566 748 ille
581 689 691 749 missus
705 697 761 749 est.

118 715 223 836 Utiles
237 773 374 830 munitas
388 770 464 829 suis¹²
477 769 608 829 tuendas
622 769 726 829 tradit.

119 853 173 912 Ad
188 871 239 911 eas
253 871 302 910 res
316 849 518 910 conficiendas
533 847 692 908 biennium
705 848 763 908 sibi
777 848 853 910 satis
871 871 942 913 esse
964 854 1043 916 dux-

200 938 299 989 erunt.

120 1010 178 1071 Ille
192 1028 319 1069 cernens
340 1007 459 1067 nullum
481 1007 582 1066 locum
604 1006 662 1067 sibi
681 1015 785 1067 tutum
805 1008 839 1068 in
861 1009 1042 1090 Graeoihin

200 1089 309 1148 Asiam
323 1087 453 1147 transiit.

120 1169 203 1231 Dolo
218 1177 283 1229 erat
296 1165 518 1247 pugnandum?
532 1186 627 1244 quum
640 1185 696 1246 par
708 1186 772 1227 non
787 1177 881 1230 esset‘
896 1172 1002 1234 armis.

342 1392 571 1453 Promiscuous
594 1392 775 1471 Eaumploa.

122 1526 209 1587 Pone
223 1534 345 1585 montes
360 1523 505 1602 Rhipaeos
519 1543 596 1602 gens
610 1523 697 1603 degit
709 1524 793 1598 felix,
807 1524 902 1605 quoad
916 1527 1043 1609 Hyper.

201 1606 310 1664 boreos
325 1604 537 1681 appellavere.⁰

123 1684 204 1763 Regi
218 1682 317 1742 fidelis
332 1692 398 1742 erat
413 1692 561 1761 repertus.

123 1763 323 1823 Fortissimus
339 1761 476 1820 omnium
491 1761 688 1821 barbarorum
703 1762 760 1822 fuit
773 1762 936 1829 Datames.

124 1843 222 1902 Stoici
247 1842 418 1901 diviserunt
445 1851 585 1901 naturam
612 1841 744 1901 hominis
770 1841 803 1900 in
832 1845 974 1908 animum
1008 1856 1044 1911 et

205 1941 323 2000 corpus.

121 2002 301 2080 Numquam
317 2009 364 2060 est
379 2001 453 2059 utile
467 2010 602 2078 peccare.

123 2079 325 2140 Fidelissimif
334 2079 454 2140 homini
468 2088 553 2138 sunt⁹
568 2079 651 2139 canis
665 2088 757 2158 atque
772 2100 879 2159 equus.

126 2161 213 2239 Saepe
228 2169 275 2220 est
290 2159 384 2219 etiam
398 2159 455 2218 sub
467 2159 591 2237 palliolo
605 2159 730 2218 sordido
745 2161 906 2239 sapientia.
923 2184 926 2188 ·

123 2240 183 2300 Illo
198 2260 291 2299 nemo
305 2240 364 2299 fuit
377 2238 493 2298 fortior.

123 2319 262 2378 Maturat
276 2319 314 2378 ab
329 2319 403 2377 urbe
417 2316 576 2395 proficisci.

124 2399 326 2477 Perspicuum
350 2407 397 2456 est
417 2398 574 2456 hominem
595 2416 611 2455 e
634 2405 758 2476 corpore
781 2398 948 2480 animoque
971 2423 1046 2464 oon·

204 2488 293 2537 stare.

125 2588 224 2666 They,
238 2588 388 2666 weepiug,
403 2590 516 2666 sought
529 2607 632 2666 peace.

125 2668 194 2727 The
222 2667 400 2725 barbaricus
431 2668 552 2746 (when)
583 2668 677 2727 about
711 2676 745 2728 to
780 2688 868 2749 carry
898 2692 940 2732 on
970 2694 1046 2752 war,

204 2746 318 2823 invoke
333 2746 386 2804 the
401 2746 490 2823 gods.

126 2826 216 2904 They
231 2822 285 2883 did
300 2834 356 2884 not
369 2826 413 2884 let
428 2826 480 2884 the
495 2825 570 2883 time
584 2825 631 2884 for
645 2825 741 2905 doing
754 2828 808 2886 the
823 2828 916 2910 thing
929 2851 1014 2911 pass,

126 2906 216 2983 They
231 2912 300 2964 sent
315 2905 522 2963 embassadors
537 2913 570 2963 to
585 2906 706 2965 consult
720 2908 772 2965 the
789 2909 899 2968 oraolc.

127 2985 195 3044 Tho
210 2983 338 3044 soldiers
352 2983 485 3062 pursued
498 2985 552 3043 the
567 3003 679 3063 enemy
696 2986 816 3065 (while)
832 2987 958 3070 fieeing.

88 3182 105 3211 c
112 3168 170 3210 Rule
180 3171 199 3216 1,
208 3169 274 3209 Rem.
284 3170 303 3208 3.
314 3216 319 3226 ·
330 3167 343 3207 b
352 3169 422 3209 Rules
431 3168 468 3209 for
482 3167 607 3209 translatln
624 3199 630 3219 ,
640 3170 779 3221 participles,
789 3173 813 3220 83
828 3171 847 3213 lt
855 3183 905 3215 was
918 3185 1048 3230 necessary

87 3216 365 3318 {ssbff'ffngfiv‘gffffiffiwhged
379 3223 412 3261 i0·
441 3228 453 3259 θ
469 3218 566 3269 Sym,
579 3219 601 3259 R
625 3230 638 3260 s
652 3222 685 3268 95,
694 3220 741 3260 and
754 3221 824 3262 Bules
838 3222 877 3263 for
892 3226 1047 3281 translating,

113 3318 196 3358 dRuls
210 3321 229 3367 1,
237 3318 302 3358 Rem.
312 3318 324 3357 8
333 3317 374 3365 (2.)
474 3326 486 3357 e
499 3316 585 3368 supply
597 3315 707 3362 hommes.
802 3321 893 3373 sRule
906 3326 926 3377 1,
942 3325 1013 3370 Rem.
1025 3330 1046 3369 1.

112 3367 199 3418 ollula
211 3368 245 3416 33,
254 3367 321 3408 Rem.
333 3367 355 3408 5.
