2220 3750
477 255 662 303 rxnsmsns.
986 241 1048 312 217

137 407 284 471 Libenter
296 378 438 472 homines
452 411 493 486 id,
508 411 591 492 quod
605 413 725 486 volunt,
740 411 881 472 eredunt.

137 487 246 564 Docet,
261 511 333 550 eum
347 512 461 570 magno
475 492 539 551 fore
552 491 700 570 periculo.

136 567 255 630 Elatihs
269 591 302 630 se
315 579 421 650 gerere
436 571 536 650 erepit.

137 645 347 709 Exercebatur
360 649 527 728 plurimum
541 650 702 710 currendo.

137 727 317 808 Agesilaum
330 730 479 788 bellatum
493 729 525 789 in
539 730 648 789 Asiam
661 729 798 790 mittunt.

139 856 255 931 Cimon,
275 858 433 918 Miltiades
453 859 541 933 filius,
562 859 640 918 duro
669 859 836 920 admddum
863 858 952 921 initio
973 880 1048 922 usus

217 946 264 998 est
278 938 500 999 adolescentiae.

138 1016 279 1091 Athenis,
294 1019 536 1097 splendidissima
550 1017 684 1092 civitate,
694 1027 786 1079 natus
801 1027 857 1079 est.

138 1093 213 1155 Fuit
227 1103 340 1175 magna
352 1097 543 1157 liberalitate.
664 1113 666 1116 ’

137 1172 281 1235 Maximae
294 1177 353 1236 suit
366 1177 548 1255 prudentiae.

137 1253 196 1313 Est
209 1255 269 1315 hoc
282 1255 408 1315 Gallicae
423 1255 663 1316 consuetudinis.

46 1383 49 1387 ,
139 1333 218 1392 Oum
231 1345 318 1413 parte
333 1335 459 1394 navium
471 1335 504 1394 in
518 1335 648 1414 patriam
662 1335 758 1395 venit.

138 1412 224 1492 Opus
239 1425 285 1474 est
300 1414 434 1474 consilio.

138 1492 217 1552 (lato
231 1495 328 1554 aedilis
341 1494 439 1575 plebis
452 1493 552 1554 factus
565 1503 622 1554 est.

136 1569 357 1633 Reminiscitur
370 1573 490 1652 pristini
504 1573 646 1652 temporis
661 1574 869 1634 acerbitatem.

135 1648 296 1731 Principes
310 1652 452 1725 civitatis,
462 1652 627 1712 insimulati
640 1653 834 1732 proditidnis,
846 1654 885 1713 ab
895 1652 1046 1714 Romanis

215 1731 370 1792 interfecti
383 1741 464 1791 sunt

135 1808 211 1891 Ejus
226 1813 391 1871 auctoritas
405 1811 436 1870 in
452 1811 576 1872 civitate
590 1811 696 1890 magni
709 1812 889 1872 habebatur.

134 1889 335 1950 Admonebat
349 1890 443 1949 alium
457 1890 602 1970 egestatis
617 1891 711 1949 alium
725 1890 903 1970 cupiditatis
916 1910 988 1951 suae.

134 1967 236 2048 Magis
251 1969 385 2029 civitatis
398 1969 525 2029 interest
539 1988 629 2048 quam
643 1988 720 2031 mea.

134 2045 238 2109 Duces
252 2049 360 2141 eapitis
375 2048 511 2109 damnati
525 2057 622 2109 sunt:

133 2126 301 2188 Reminiscr
314 2128 427 2187 veteris
440 2128 535 2187 famae.
623 2185 624 2188 ,

134 2255 268 2336 Imperio
282 2256 364 2336 regis
378 2276 440 2316 non
454 2256 590 2335 parebat.

134 2337 309 2414 Argentum
322 2335 394 2395 huie
407 2336 513 2395 redde.

133 2413 216 2493 Regi
229 2416 384 2476 satisfecit.

135 2494 176 2553 Se
190 2495 329 2554 hostibus
343 2495 459 2556 obtulit
473 2503 566 2575 utque
580 2494 761 2556 interfectus
776 2489 832 2554 es't.

134 2573 200 2632 Sibi
215 2593 281 2632 eam
294 2593 359 2633 rem
373 2574 597 2652 suscipiendam
610 2575 747 2655 putabat.

132 2651 245 2711 Exitus
262 2653 320 2713 fuit
341 2653 486 2713 orationis
506 2652 564 2712 sibi
584 2654 699 2713 nullam
719 2651 790 2714 cuth
810 2653 858 2713 his
879 2652 1043 2714 amicitiam

213 2751 278 2791 esse
292 2752 390 2811 posse,
405 2732 431 2792 si
443 2732 476 2790 in
490 2731 591 2791 Gallie
604 2741 819 2792 remanerent?

76 2807 82 2816 '
130 2811 376 2872 Atheniensibus
390 2810 548 2871 exhaustis
563 2822 676 2890 praeter
696 2831 779 2871 arma
798 2821 831 2872 et
851 2830 945 2872 naves
965 2809 1042 2870 nihil

212 2901 279 2951 erat
292 2911 391 2970 super.
646 2902 649 2906 '

130 2969 252 3032 Vereor
265 2991 304 3030 ne
319 2970 438 3031 civitati
451 2969 503 3032 sitl
517 2969 689 3049 opprobrio.

130 3049 220 3110 Poeni
235 3049 440 3110 Hannibalem
454 3049 665 3127 imperatorem
678 3049 826 3109 fecerunt.

131 3130 234 3191 Oaesar
247 3129 371 3190 AEduos
384 3131 573 3189 frumentum
586 3128 752 3208 flagitabat.

129 3209 262 3270 Flumen
277 3219 404 3271 transire
419 3213 588 3287 eoeperunt.

255 3451 264 3458 ἰ
414 3389 539 3432 anucco.
588 3387 711 3432 semeso.

352 3457 380 3500 19
