2220 3750
99 210 162 278 216
487 223 669 272 rursusne.
690 175 698 197 ’

137 384 304 443 Neminem
318 380 475 442 Alcibiadi
489 381 616 460 praefero
631 380 663 439 in
677 377 809 458 patriam
824 388 965 445 ambre?

137 462 231 522 Pueri
246 461 448 540 mulieresque
465 481 503 520 ex
517 479 606 520 muro
620 459 715 538 passis
729 461 877 521 manibus
899 483 960 524 sno
979 486 1068 526 more

218 561 326 620 pacem
341 542 506 620 petierunt.

128 621 293 681 'Omnibus
308 619 413 699 copiis⁶
429 620 542 679 auxilio
556 619 680 678 Nerviis
694 629 859 680 venerunt.

139 751 313 811 Hamilcare
329 762 438 823 occiso,
453 748 625 809 Hasdrnbal
640 748 788 808 exercitui
802 751 941 828 praefuit.

140 831 248 902 Caesar,
264 836 325 889 una
339 840 445 890 aestate
461 829 578 887 duobus
592 827 732 886 maximis
746 828 837 888 bellis
852 833 1019 908 confectis,
1033 834 1067 895 in

219 909 347 968 hiberna
362 911 531 968 exercitum
546 907 683 966 deduxit.

141 989 290 1051 Celeriter
303 988 409 1062 nostri,
418 988 548 1048 clamore
562 987 691 1059 sublato,
700 986 762 1064 pila
776 986 809 1046 in
824 988 936 1051 hostes
947 991 1068 1054 immit-

220 1077 300 1128 tunt.

140 1149 273 1209 Romam
288 1147 375 1207 venit
389 1146 489 1206 Mario
504 1147 648 1206 constle.⁶

140 1228 248 1307 Magni
262 1227 435 1288 aestirnabat
448 1225 618 1304 pecuniam.

141 1308 244 1386 Reges
260 1326 367 1385 pacem
383 1305 501 1386 ingenti
515 1304 615 1383 pretio
629 1304 854 1366 mercabantur.

143 1386 298 1465 Syracusis
314 1386 408 1446 vixit..
606 1460 609 1467 .

143 1467 285 1543 Spartam
300 1466 399 1525 redire
416 1464 549 1524 nolebat.

142 1545 231 1604 Vixit
246 1544 333 1604 annis
349 1544 570 1624 undetriginta.

140 1624 235 1683 Domi
249 1633 469 1683 remanserunt.

141 1703 262 1762 Paucos
277 1703 342 1762 dies
358 1711 546 1763 commeatus
560 1707 650 1761 causa
663 1712 807 1762 moratur.

141 1782 253 1842 Paucis
267 1781 374 1842 diebus
390 1801 467 1860 opus
481 1783 618 1841 efficitur.

142 1862 325 1941 Complures
340 1861 405 1921 dies
419 1862 532 1920 milites
546 1860 699 1920 frumento
715 1871 894 1927 caruerunt.

141 1941 286 2021 Quinque
301 1941 419 2002 dierum
432 1939 506 2001 iterl
520 1940 624 2000 abfuit.

140 2020 304 2081 Exercitus
318 2021 477 2081 Romanus
492 2020 586 2079 tridui
600 2018 722 2081 itinerar
736 2021 844 2081 abfuit.

141 2101 251 2160 Oonon
266 2101 325 2174 fuit
339 2110 477 2161 extremo
491 2099 719 2178 Peloponnesio
734 2099 817 2159 bello
831 2114 963 2181 praetor,

140 2233 244 2293 Nemo
259 2233 469 2293 Romanorum
483 2231 675 2311 eloquentior
688 2231 746 2291 fuit
761 2231 926 2299 Cicerone.

140 2313 298 2374 Gallorum
314 2314 449 2373 omnium
465 2311 621 2371 fortissimi
634 2321 707 2370 sunt
721 2311 838 2391 Belgas.

141 2392 273 2451 Obviam
289 2395 428 2452 hostibus
443 2393 537 2450 ibant.

141 2472 295 2531 Postridie
311 2473 376 2549 ejus
390 2471 452 2531 dici
467 2483 566 2530 castra
580 2479 752 2541 moverunt.

140 2552 266 2610 Peritus
280 2552 352 2610 belli
367 2561 440 2611 erat.

140 2629 283 2689 Habebat
298 2632 437 2708 equitum
451 2630 562 2710 viginti
573 2629 677 2690 millia.

140 2708 339 2767 Pharnabazo
355 2709 386 2766 id
402 2710 519 2787 negotii
534 2709 627 2768 dedit.

142 2788 238 2847 Carus
252 2787 314 2846 suis
329 2798 402 2847 erat.
502 2789 504 2799 ’

140 2867 249 2926 AEtate
264 2870 422 2944 proximus
436 2875 510 2927 erat.

140 2946 234 3018 Nihil,
249 2947 333 3025 quod
347 2947 420 3025 ipsis
435 2954 528 3006 esset⁶
541 2945 712 3026 indignum,
727 2950 984 3020 committebant.

141 3025 291 3084 Hibernia
305 3026 433 3085 dimidio
448 3035 494 3085 est
508 3026 609 3085 minor
622 3047 715 3106 quam
725 3027 902 3095 Britannia.

140 3105 205 3163 Alii
219 3106 294 3164 alios
307 3104 460 3164 favebant.

117 3262 124 3271 ι
140 3183 257 3244 Gladiis
271 3184 302 3243 in
318 3203 370 3243 eos
384 3184 536 3263 impetum
550 3185 696 3246 fecerunt.

98 3361 227 3408 altalon.
263 3363 352 3406 bRnle
364 3365 397 3405 71.
447 3363 533 3405 oRule
541 3366 573 3416 75,
583 3365 648 3406 Rem.
657 3370 678 3408 2.
725 3367 854 3415 dituleet.
909 3378 1060 3432 «aalma,
