2220 3750
561 385 597 447 L.

360 515 590 577 Promiscuous
624 514 797 592 Eaamples

141 649 240 710 Dolor
253 647 286 707 in
300 645 441 707 maximis
455 645 544 706 malis
558 646 687 706 ducitur.

142 729 318 790 Periculum
352 736 408 800 est,
429 745 468 785 ne
496 724 691 786 immodestia
718 724 856 785 militum
885 737 1065 790 nostrorum
1095 776 1102 799 .

221 807 340 868 occasio
355 802 633 884 detuffl'Lysandro
647 804 744 864 nostri
758 806 961 886 opprimendi
979 830 1065 870 exer·

223 891 310 947 citus.

143 968 240 1061 Quid·
243 969 347 1026 hostes
362 965 513 1025 consilii·
497 966 660 1046 οιιριιιιιιιι,ὁ
674 967 888 1058 exspectabat

142 1049 214 1108 Att
191 1049 243 1108 uei
271 1047 356 1126 quies
385 1049 548 1125 tantopere
578 1045 690 1108 Caesari
716 1046 775 1105 fuit
803 1057 904 1127 grata,
926 1059 963 1108 ut
991 1048 1063 1110 huic

222 1129 369 1187 molestus
385 1146 447 1185 non
463 1127 582 1186 fueritf'

142 1207 274 1268 Inferior
287 1207 391 1285 copiis,
407 1206 555 1298 superior
560 1209 644 1266 omni
633 1206 701 1265 ibus
715 1204 829 1284 proeliis
844 1207 996 1269 discessit.

143 1287 305 1366 Populus'
298 1289 363 1345 mvi
352 1286 421 1345 idus
436 1285 584 1363 potentiae
599 1306 670 1345 cum
684 1295 818 1346 revocat.

142 1366 220 1426 Erat
234 1366 411 1426 difficilltms.
425 1370 553 1425 nati'ira.c

141 1495 274 1557 Difficile
303 1502 350 1553 est
380 1493 529 1572 judicare,
551 1494 581 1554 id
609 1501 711 1553 utrum
740 1498 769 1552 ei
803 1494 990 1560 laboriosius
1021 1518 1062 1560 an

223 1574 383 1653 gloriosius
397 1573 512 1635 fueritfi

143 1654 205 1713 Hic
219 1655 276 1714 lirit
291 1656 429 1713 omnium
443 1652 684 1732 potentissimus.

142 1732 287 1793 Habebat
301 1732 374 1792 satis
390 1733 517 1793 consilii.

142 1813 278 1873 Pontem
293 1817 345 1892 qui
359 1822 425 1871 erat
440 1813 480 1871 ad
494 1813 662 1885 Genavam,
672 1811 762 1890 jubet
775 1813 919 1876 rescindi.

144 1892 219 1953 Sese
234 1912 341 1953 omnes
356 1892 467 1951 flentes
483 1892 610 1952 Oaesnr
624 1892 663 1950 ad
678 1893 769 1970 pedes
785 1894 997 1971 projecerunt.

142 1973 311 2032 Turranius
325 1972 384 2031 fuit
399 1972 492 2030 homo
508 1977 627 2032 summa
640 1971 843 2050 integritate.e

84 2084 88 2092 .
142 2052 246 2112 Nemo
261 2053 314 2111 1110
329 2071 431 2110 minus
446 2071 537 2109 emax
552 2052 619 2111 fui

144 2131 293 2191 Cominus
307 2131 415 2210 gladiis
429 2140 602 2221 pugnatum
618 2139 674 2190 est

142 2210 190 2270 Εὸ
207 2231 239 2271 se
254 2223 369 2290 suaque
384 2210 487 2270 omnia
502 2211 708 2270 contulerunt.

142 2290 295 2431 {perabat
309 2311 342 2351 se
356 2290 586 2368 imprudentem
600 2290 723 2349 hostem
737 2303 967 2369 oppressurum.

177 2381 317 2430 entorum
332 2381 419 2463 pater
433 2376 513 2448 regit
526 2389 648 2428 navem.

142 2450 238 2509 Nunc
253 2451 363 2509 animis
378 2468 454 2528 opus
469 2457 524 2522 est,
539 2469 622 2507 nunc
634 2455 758 2527 pectore
772 2448 874 2512 firmo.

143 2579 230 2638 Mors
245 2578 383 2638 omnium
397 2579 546 2638 malorum
560 2598 682 2638 sensum
698 2578 816 2639 adimit.

143 2659 230 2717 Aves
245 2659 385 2735 quaedam
399 2676 431 2717 se
446 2657 478 2715 in
493 2659 569 2716 mari
584 2667 738 2736 mergunt.

142 2739 164 2798 J
166 2738 288 2795 ucunda
303 2746 349 2796 est
364 2736 512 2795 memoria
525 2738 748 2829 praeteritorum
762 2739 925 2803 malorum.

143 2816 251 2876 Insula
264 2816 360 2876 Delos
375 2825 440 2874 erat
454 2816 566 2876 referta
580 2816 704 2876 divitiis.

144 2895 203 2955 His
217 2894 307 2954 1obus
327 2895 447 2955 adducti
468 2897 694 2956 constituerunt
715 2915 759 2970 ea,
774 2917 843 2975 quae
865 2901 907 2961 ad
928 2901 1056 2983 proficis·

224 2975 355 3032 cendum
369 2974 581 3066 pertinerent?
590 2987 774 3054 comparare.

144 3053 237 3114 Diem
251 3052 425 3143 deligcrunt
440 3053 479 3111 ad
495 3053 653 3114 civitatem
667 3055 870 3132 liberandam

144 3131 327 3192 Praedatum
342 3132 488 3190 exierant.

129 3295 253 3340 attulero
288 3295 409 3337 bRuleW.
449 3296 750 3349 oRule2t‚.R.em4and5
796 3301 1030 3360 auulsaswlsemt

376 3344 501 3398 trisulcae,
512 3328 607 3391 Remu
637 3350 723 3400 sRule
737 3353 781 3393 100.
