2220 3750
456 219 641 267 xxuncrsxs.
960 199 1021 266 215

111 377 226 439 Statuit
241 377 357 458 aliquid
373 375 431 437 sibi
446 375 564 437 consilii
579 376 652 437 novi
667 395 732 437 esse
747 374 940 455 capiendum.

110 456 185 519 Haec
199 459 272 519 olim
288 478 407 537 maguae
421 458 504 516 laudi
519 468 615 517 erant.

111 537 221 598 Caesari
235 537 339 598 omnia
354 556 416 596 uno
431 546 567 615 tempere
583 544 669 594 erant
685 534 812 611 agenda.

110 615 147 675 In
162 637 249 676 mure
264 615 453 676 consistendi
467 624 604 694 potestas
618 624 684 673 erat
698 613 781 673 nulli.

110 696 271 755 Pollicitus
286 707 333 755 est
348 695 404 754 sibi
421 714 488 754 eam
502 715 567 754 rem
582 715 660 754 curae
674 694 816 753 futuram,

109 774 284 854 Respondit
311 774 476 834 amicitiam
503 773 610 852 populi
638 772 771 834 Romani
798 771 856 833 sibi
879 774 1020 853 praesidio

188 875 251 914 non
266 855 454 914 detrimento
469 873 534 913 esse
550 861 700 931 oportere.

111 933 218 994 Talem
233 954 264 994 se
280 934 495 1012 imperaturam
511 933 648 1011 praebuit,
663 942 751 992 uteo
768 940 904 1011 tempere
923 941 1021 993 omni-

188 1015 244 1073 bus
260 1013 408 1092 apparuit,
424 1013 481 1072 nisi
502 1013 552 1072 ille
574 1012 704 1086 fuisset,‘²
720 1011 863 1091 Spartam
883 1012 1018 1073 futuram

188 1114 249 1152 non
265 1093 366 1152 fuisse.

109 1172 267 1232 Audacius
282 1172 417 1232 debello
433 1172 560 1232 consilia
573 1171 652 1232 inire
667 1169 826 1250 incipiunt.

110 1250 255 1311 Rhenum
270 1261 398 1312 transire
413 1252 582 1312 constituit.

112 1331 209 1409 Cupio
224 1331 284 1391 me⁶
298 1330 374 1390 esseb
387 1331 589 1391 clementem.b
875 1389 879 1396 .

110 1410 316 1470 Athenienses
330 1419 505 1470 statuerunt
519 1410 565 1470 utb
579 1409 685 1472 naves⁶
697 1407 956 1471 conscenderent?

111 1488 178 1548 Nee
192 1509 266 1549 vere
282 1490 444 1550 Caesarem⁰
457 1490 575 1550 fefellit.

112 1567 211 1639 Quare
227 1570 292 1647 ejus
306 1569 386 1647 fugae
400 1572 546 1629 comitem
560 1589 609 1629 me
624 1568 847 1649 adjungerem?

111 1645 148 1706 Id
162 1649 270 1727 adjuta
284 1656 359 1708 me‘

112 1767 278 1830 Maximam
292 1770 432 1850 partemf
441 1771 520 1832 lacte
535 1781 628 1852 atque
643 1792 732 1831 earne
747 1766 867 1831 vivunt.

112 1847 233 1909 Potitus
247 1850 324 1922 1000,
340 1851 416 1910 duas
430 1850 472 1909 ibi
486 1851 622 1930 legibnes
637 1851 808 1910 collocavit.

114 1927 173 1999 Qui
190 1949 275 2068 paee
304 1930 426 1989 diutius
446 1931 556 1990 volunt
576 1930 644 2004 frui,
667 1930 748 1990 bello
769 1929 930 1989 exercitati
953 1947 1019 1990 esse

212 2010 314 2068 ebent.

112 2085 226 2148 Hostes
253 2109 340 2148 muro
367 2089 561 2168 turribusque
589 2089 704 2168 dejecti
729 2089 762 2148 in
789 2088 856 2149 foro
881 2108 916 2148 ae
943 2087 1021 2148 loeis

189 2168 413 2246 patentioribus
428 2169 641 2229 constiterunt.

112 2244 206 2306 [stam
220 2268 356 2326 pugnarn
369 2249 524 2327 pugnabo.

112 2323 228 2386 Rednu
242 2327 274 2385 in
288 2327 419 2405 patriam
435 2327 618 2389 excluditur.

112 2401 230 2465 Urbem
245 2407 402 2465 obsidihna
416 2407 566 2466 liberavit.

112 2483 236 2545 Auxilio
251 2485 402 2545 socierum
415 2486 584 2564 privantur.

112 2561 284 2624 Petieruntb
300 2585 339 2623 ne
354 2585 386 2624 se
401 2565 491 2624 armis
505 2566 712 2644 despoliaret.⁰

53 2698 55 2702 ,
114 2643 260 2723 Campani
273 2644 398 2704 fuerunt
413 2645 533 2722 superbi
547 2644 699 2705 bonitate'*
714 2657 862 2724 egueram.

113 2720 263 2783 Militibus
277 2723 349 2782 urbs
364 2723 511 2783 abundat.

113 2794 208 2862 Exsul
223 2802 321 2881 patria
338 2803 443 2862 caruit.

112 2878 233 2961 Magnis
247 2882 426 2941 muneribus
440 2883 572 2942 donatus
588 2891 643 2942 est.

112 2958 220 3022 Praeda
234 2961 338 3021 onusti
352 2961 494 3022 Athenas
508 2970 670 3022 venerunt.

112 3037 259 3102 Datames
287 3050 384 3100 matre
414 3041 572 3119 Scythissa
598 3050 689 3100 natus
721 3039 854 3119 primum
889 3040 1023 3099 miluum

189 3126 320 3180 numero
335 3120 393 3179 fuit
408 3120 489 3198 apud
503 3120 718 3179 Artaxerxem.

75 3296 155 3341 “Rule
168 3303 201 3341 89.
262 3299 347 3343 bRule
360 3300 392 3349 54,
402 3299 468 3339 Rem.
479 3301 498 3340 1.
552 3297 638 3340 eRule
647 3299 679 3348 54,
689 3299 755 3340 Rern.
765 3300 785 3341 2.
824 3296 907 3337 ‹lRule
915 3296 948 3345 55,
956 3294 1023 3334 Rem.
1063 3273 1069 3307 i

76 3344 297 3401 camenarum.
368 3347 500 3403 ,ΙἯιιΙειόθι
599 3347 726 3400 qRuleto.
819 3344 1022 3395 hRulets‚1,(1).
