2220 3750
73 284 75 288 Α
96 221 158 296 178
473 235 656 287 sxmmsss.

137 393 178 455 Se
192 391 257 471 ipse
272 390 478 471 reprehendit.

136 473 237 532 Nemo
252 472 281 532 ei
294 491 349 551 par
362 471 429 532 fuit.
501 537 505 546 ,

137 552 249 612 Fidem
263 553 344 612 inter
358 572 390 612 se
404 552 490 612 dant.

137 631 201 691 Eos
216 632 254 691 ab
269 651 301 691 se
316 631 439 691 dimisit.

139 710 213 771 Sese
229 711 257 771 ei
272 711 467 770 dediderunt.

137 789 177 849 Id
191 799 256 849 tam
271 790 323 864 illi,
338 794 428 869 qutm
442 788 558 863 esteris,
572 808 635 849 non
650 796 715 848 erat
729 797 886 869 apeltum.

139 868 222 928 Huic
235 870 295 943 ille,
310 877 327 906 “
335 868 444 943 nulla‚”
457 868 566 947 inquit,
581 875 598 906 “
606 887 690 930 mora
703 868 777 930 eet?

138 947 155 1008 I
177 968 209 1007 se
224 948 281 1008 sibi
295 957 423 1008 mortem
437 948 596 1009 conscivit.

169 1048 235 1106 ugae
249 1047 315 1088 sese
329 1028 523 1087 mandtrunt.

137 1105 273 1186 Legatos
288 1107 328 1166 ad
343 1126 413 1166 eum
427 1106 566 1167 mittunt.

138 1184 228 1245 Idem
243 1186 344 1247 Oaesar
356 1185 438 1246 feeit.

137 1265 256 1325 Eiidem
270 1265 386 1326 secret&
403 1264 441 1324 ab
456 1264 521 1324 aliis
537 1264 653 1344 quaerit.

137 1342 318 1423 Equitzttum
332 1363 453 1405 omnem
467 1353 539 1403 ante
553 1364 586 1404 se
600 1344 705 1406 mittit.

137 1423 252 1482 Eorum
266 1444 354 1503 agnos
369 1424 601 1502 populabantur.

138 1502 177 1560 Ei
191 1502 283 1562 filiam
298 1523 382 1564 suam
396 1503 426 1561 in
443 1503 671 1564 matrimonium
685 1504 749 1565 dat.

136 1634 273 1700 Thraces
288 1660 339 1700 eas
353 1640 492 1720 regienes
507 1642 662 1702 tenebant.

140 1718 217 1778 Suas
232 1720 335 1798 copias
351 1721 555 1781 deduxerunt.

139 1798 207 1857 Hos
227 1798 323 1878 fugat.

137 1877 185 1936 Ea
200 1878 308 1938 civitas
323 1878 406 1938 mille
421 1878 502 1939 misit
516 1879 653 1940 militum.

137 1956 229 2017 Hane
243 1958 427 2037 legatienem
442 1957 584 2037 suscepit.

137 2036 252 2095 Eorum
266 2039 391 2097 classem
404 2038 533 2116 fugivit.

138 2115 222 2176 Talis
237 2117 334 2176 honos
349 2117 420 2175 huic
435 2117 489 2175 uni
503 2118 649 2178 antehoc
663 2124 784 2196 tempus
800 2124 952 2206 contigit.

137 2193 209 2254 Hoe
223 2196 350 2255 consilio
364 2215 472 2275 pacem
487 2196 669 2256 conciliavit.

139 2274 242 2334 Caesar
255 2295 324 2334 suas
339 2274 440 2352 copias
455 2276 486 2333 in
501 2277 672 2352 proximum
686 2274 796 2335 collem
810 2279 975 2346 subdsmit.

138 2353 166 2411 E
182 2354 287 2413 castris
302 2355 438 2432 utrisque
454 2353 556 2432 copias
571 2373 640 2414 suas
655 2353 772 2416 eduxit.

137 2431 198 2491 Vir
210 2432 309 2492 bonus
322 2434 466 2493 virtutem
480 2452 535 2511 per
548 2453 579 2493 se
595 2443 683 2494 amat.

138 2511 203 2569 Alii
218 2513 306 2571 aliam
319 2511 351 2570 in
365 2522 483 2591 partem
496 2512 681 2573 ferebantur.

139 2589 188 2647 Eo
202 2589 266 2667 ipse
281 2591 345 2648 dux
360 2591 472 2650 cecidit
489 2591 604 2669 proelio,
687 2617 693 2629 ·

141 2667 182 2727 Se
197 2677 310 2746 sueque
326 2669 426 2727 omnia
441 2669 553 2729 Oaesztri
567 2669 761 2731 dediderunt.

142 2745 197 2805 Sui
211 2747 320 2824 cuique
334 2767 433 2807 mores
446 2748 570 2828 fingunt
583 2749 745 2811 fortfinam.

139 2824 219 2883 Mihi
234 2845 356 2886 neeesse
370 2826 437 2886 fuit.

108 2892 118 2899 ’
140 2903 214 2963 Non
229 2923 266 2962 ea
281 2925 329 2965 res
342 2904 429 2966 illum
443 2905 560 2991 fefellit.
