2220 3750
74 230 138 297 192
461 243 645 294 exssersrs.

113 402 201 462 Nihil
216 413 320 461 esrum
335 400 471 481 negavit.

113 483 207 542 Nune
221 481 338 542 viribus
352 501 424 540 usus
439 490 494 555 est,
508 500 592 541 nune
606 479 748 540 manibus
761 481 893 560 rapidis.

113 561 249 640 Legatus
262 570 382 638 partem
398 560 553 638 copiarum
567 558 734 620 revocavit.

114 641 236 700 Pietate
249 639 330 698 filius
345 648 419 713 erat,
435 638 568 699 consiliis
582 648 679 718 pater.

114 786 198 847 Vitae
212 785 356 864 necisque
370 786 504 845 habebat
517 793 714 864 potestatem.

115 867 193 926 Cato
208 864 354 944 singulari
367 864 426 924 fuit
439 864 627 943 prudentia?
712 868 715 873 ’

114 945 232 1022 Magna
245 963 315 1023 pars
329 944 428 1022 plebis
442 943 549 1003 urbem
563 944 695 1023 reliquit.

115 1023 216 1084 Celeri
230 1043 307 1102 opus
321 1032 368 1083 est
383 1022 505 1082 auxilie.

114 1103 278 1183 Agesilaus
291 1104 425 1175 nomiae,
439 1122 502 1161 non
517 1111 673 1181 potestate
687 1101 747 1163 fuit
760 1122 828 1163 rex.

114 1183 261 1261 Ejusdem
275 1181 420 1242 eivitatis⁶
432 1181 500 1241 fuit.

114 1262 205 1321 Miles
219 1261 311 1322 timet
325 1261 469 1340 sagittam
483 1260 589 1321 hostis.

114 1342 172 1401 Est
186 1341 273 1401 fortis
287 1339 431 1400 hominis⁶
444 1360 506 1399 nen
520 1339 692 1419 perturbari
705 1339 738 1400 in
752 1341 848 1403 rebus
863 1346 995 1425 asperis.

114 1420 188 1480 Non
203 1421 308 1500 populi
322 1419 456 1479 Romani
469 1419 638 1498 dignitatis⁶
652 1439 716 1480 esse
731 1422 902 1484 statuebat.

115 1501 219 1579 Reges
235 1507 360 1559 nomine
374 1498 472 1578 magis
487 1518 580 1579 quam
593 1498 722 1578 imperio
736 1508 837 1561 erant.

115 1645 226 1706 Pontis
240 1646 382 1704 eustedes
395 1644 522 1723 reliquit
535 1644 698 1724 principes.

116 1725 250 1785 Summae
265 1732 312 1783 est
326 1723 510 1785 dementiae?

114 1805 192 1864 Pars
206 1801 339 1862 civitatis
353 1802 516 1864 defecerat.

113 1882 191 1943 Erat
205 1882 354 1961 oppidum
368 1890 505 1942 nomine⁰
519 1883 645 1943 Bibrax.

112 1965 182 2024 Pan
196 1963 272 2023 deus
286 1962 427 2022 Arcadiae
442 1972 516 2023 erat.

112 2043 216 2103 Docet
230 2063 301 2102 eum
315 2062 428 2119 magno
442 2041 507 2101 fore
521 2040 679 2121 perieissoe‘

112 2122 279 2201 Neptr’mus
295 2131 361 2181 erat
376 2142 492 2181 numen
508 2133 663 2200 aquarum.

117 2202 233 2262 civitas
246 2202 327 2261 inter
341 2200 456 2280 Belgas
470 2207 583 2280 magna
596 2201 656 2262 fuit
670 2201 868 2267 auctoritate.

113 2349 310 2429 Reperiebat,
325 2368 391 2409 esse
406 2350 546 2409 homines
560 2369 680 2428 magnae
693 2348 828 2411 virtatis.

113 2431 198 2491 June
211 2429 300 2489 Jovis
316 2428 429 2506 conjux
445 2437 519 2488 erat.

115 2510 223 2569 Castra
236 2508 372 2567 hostiurn
388 2508 478 2586 eepit.

116 2588 279 2660 Quaeritur·‚
295 2586 371 2665 quid
389 2596 475 2664 opus⁶
490 2587 530 2647 sit
542 2588 634 2647 facte.

113 2666 271 2726 Miltiades
285 2664 377 2744 regiae
393 2666 597 2726 auctoritatis*
611 2676 684 2726 erat.

115 2746 234 2819 Critias,
248 2747 313 2806 dux
327 2756 536 2825 tyrannorum,
549 2748 581 2806 in
595 2746 700 2828 proelio
715 2748 838 2808 cecidit.

114 2826 233 2886 Ahenae
247 2838 313 2887 erat
328 2829 481 2890 civitatis?

114 2905 188 2965 Non
204 2916 251 2967 est
264 2910 397 2970 virtfltis⁶
412 2930 496 2970 arma
508 2908 638 2969 tradere.

114 2985 292 3060 Nunciavit,
307 2995 398 3067 quam
414 2989 504 3050 celeri
518 2996 605 3067 opus⁰
619 2993 699 3046 esset
713 2984 839 3048 auxilio.

115 3066 308 3146 Orgetorigis
321 3067 383 3128 filia
397 3078 487 3148 capta
500 3077 556 3127 est.

75 3245 379 3296 aRu1029,Rem.4and5.
410 3247 637 3338 bRirleittkffigmffl
669 3245 789 3287 eRule32.
825 3247 915 3294 dRule
923 3257 961 3309 29,
972 3258 1042 3305 Rem.
