2220 3750
472 238 657 287 uxnnusns.
978 219 1041 287 173

126 393 203 454 Auri
217 393 400 455 avidissima
412 413 488 473 gens
503 403 578 455 erat.

126 471 365 534 Existimatione
379 474 455 533 nihil
470 476 603 535 habebat
618 474 723 534 carius.

128 552 299 613 Suevorum
313 573 393 633 gens
407 563 453 614 est
467 554 715 615 bellicosissimus
729 553 960 614 Germanorum.

126 630 230 692 Minor
244 653 307 692 uno
322 643 445 693 mense⁶¹
460 635 527 694 fuit.

69 713 74 719 ’
129 710 248 772 Civitas
261 713 346 773 mille
362 713 446 773 misit
461 714 603 773 militum.

128 788 234 850 Turris
247 792 306 852 fuit
321 794 412 853 altior
426 813 524 853 muro.

128 868 286 931 Hannibal
300 873 485 933 fortissimus
500 880 566 933 erat
581 871 719 932 omnium
730 869 1041 950 Carthaginiensium.

127 947 231 1011 Nemo
246 951 422 1012 Hannibale
438 953 547 1013 fortior
557 952 625 1011 fuit.

129 1028 236 1089 Cicero
250 1041 316 1091 erat
331 1041 486 1092 oratorum
501 1031 712 1092 Romanorum
725 1030 1003 1110 eloquentissimus.

129 1107 275 1170 Oioersne
290 1130 382 1170 nemo
396 1112 455 1170 fuit
469 1111 668 1191 eloquentior.

129 1187 272 1250 Socrates
296 1201 362 1251 erat
383 1191 634 1271 philosophorum
658 1190 835 1250 Graeoorum
859 1189 1042 1268 sapientissi-

208 1289 285 1330 mus.
795 1277 808 1294 ³

128 1346 361 1428 Theophrastus
375 1350 621 1429 elegantissimus
635 1349 885 1429 philosophorum
899 1357 973 1408 erat.

346 1527 577 1586 Promisouoas
598 1526 777 1604 Esaaques.

127 1654 276 1716 Hostium
291 1666 409 1718 animos
423 1657 516 1717 timor
530 1664 807 1737 praeoccupaverat.

128 1735 246 1796 Omnes
260 1738 422 1816 splendore
437 1737 595 1816 superavit
607 1738 688 1799 vitae.

127 1815 293 1875 Finitimas
307 1817 447 1894 regiones
461 1816 603 1876 vexabat.

129 1894 255 1965 Quaerit.
270 1896 356 1974 quidl
370 1916 468 1956 causae
483 1900 542 1955 sit?

126 1973 263 2034 Multum
279 1976 416 2054 pecuniae
431 1975 575 2054 perdidit.

126 2052 275 2133 Perpetui
289 2055 410 2134 imperii
426 2056 555 2134 cupidus
568 2055 636 2114 i'uit.

125 2132 226 2212 AEger
240 2144 306 2195 erat
320 2135 507 2194 vulneribus.

127 2212 255 2274 civitati
269 2215 328 2273 fuit
343 2215 524 2274 carissimus.

124 2290 266 2356 Libertas
280 2303 327 2357 est
335 2294 440 2355 ,oar-ior
453 2293 526 2352 vita.

126 2370 275 2432 Omnium
289 2374 403 2434 civium
418 2374 586 2433 ditissimus
600 2373 667 2434 fuit.

125 2449 271 2513 Habebat
285 2462 424 2534 equitum
438 2452 550 2532 viginti
563 2452 666 2512 millia.

126 2581 270 2644 Socrates
284 2603 347 2644 was
360 2603 436 2662 very
449 2581 533 2642 wise.

126 2662 270 2724 Socrates
284 2683 347 2723 was
366 2663 419 2723 the
434 2662 539 2722 wisest
553 2660 590 2720 of
603 2662 656 2721 the
672 2660 803 2722 Greeian
818 2661 1034 2742 philosophare

123 2742 271 2822 Nothing
283 2743 310 2802 is
324 2743 432 2801 dearer
445 2742 521 2800 than
536 2741 723 2818 reputation.

125 2822 236 2882 Cicero
250 2842 314 2883 was
328 2841 404 2900 very
419 2821 574 2898 eloquent.

124 2902 234 2963 Cicero
249 2921 313 2963 was
326 2903 380 2961 the
394 2909 476 2960 most
491 2899 688 2977 eloquentes
702 2899 826 2959 Roman
841 2908 967 2959 orators.

123 2981 177 3041 No
192 3002 251 3042 one
266 3001 330 3042 was
344 3001 429 3040 more
444 2981 591 3058 eloquent
605 2980 681 3038 than
698 2979 814 3039 Cicero.

125 3060 188 3123 She
202 3081 267 3122 was
281 3080 340 3120 one
354 3060 464 3120 month
479 3078 627 3138 younger.

156 3237 173 3267 a
181 3224 241 3266 Rule
251 3225 283 3274 10,
293 3223 361 3263 Rem.
370 3224 390 3262 2.
441 3220 454 3260 b
463 3218 534 3260 Rnles
543 3217 581 3258 for
588 3219 738 3270 transIattng,
747 3217 855 3269 partitive
863 3214 973 3266 genitive.

156 3276 277 3330 asyam,
286 3273 347 3314 Rule
359 3274 392 3323 97,
402 3271 449 3312 and
462 3269 527 3312 mles
536 3266 574 3309 lor
582 3268 723 3320 translating
730 3267 772 3309 the
780 3264 932 3316 subjunctive,
940 3266 960 3304 2.

342 3352 399 3401 15*
