2220 3750
75 218 138 284 210
455 236 639 284 exonerans,

114 391 235 450 Paucos
250 389 315 450 dies
329 388 475 465 moratus,
490 391 567 451 sein
583 392 659 451 fines
674 391 829 452 Ubiorum
843 395 974 474 recepit.

114 470 233 529 Eodem
248 471 316 530 loco
332 492 395 530 non
410 483 481 530 sunt
496 472 559 531 ausi
575 480 707 530 manere.

115 550 184 609 Hac
199 551 336 610 oratione
351 552 465 624 habita,
481 552 644 611 concilium
659 551 783 611 dimisit.

114 629 231 690 Multas
246 630 389 709 epistolas
404 631 506 691 Roma
519 631 631 710 accepi.

114 709 158 769 Et
172 710 249 768 mari
265 719 296 769 ct
311 717 393 770 terra
406 712 485 770 male
500 731 547 770 res
561 718 719 790 geruntur.

114 789 191 848 Dies
206 800 373 869 noctesque
388 791 583 864 iterfaciens,
598 790 734 849 Taurum
747 791 882 852 transiit.

115 869 247 928 Postero
263 869 312 928 die
328 880 427 929 castra
441 890 479 928 ex
495 890 532 931 ec
547 871 615 930 loco
630 879 765 929 movent,

115 947 205 1020 Galli,
221 951 401 1028 recognita,
417 950 604 1009 obsidionem
619 950 805 1029 relinquunt.
889 993 893 1001 ,

116 1027 260 1106 Regnum
275 1029 388 1087 multos
403 1048 499 1087 annos
514 1030 698 1089 obtinudrat.
776 1057 778 1061 ⁷

115 1107 197 1166 Tota
210 1118 302 1167 nocte
317 1107 512 1167 continenter
526 1114 635 1168 rerunt.

115 1187 241 1246 Nullam
257 1198 376 1267 partem
390 1187 489 1247 noctis
504 1188 612 1247 itinere
626 1187 810 1262 intermisso,
821 1188 852 1248 iu
865 1189 945 1251 fines
959 1190 1031 1251 Lin-

194 1277 310 1345 gonum
324 1268 371 1326 dic
386 1278 496 1346 quarto
510 1276 725 1346 pervenerunt.

114 1345 214 1404 Millia
228 1366 372 1425 passuum
388 1346 446 1405 tria
460 1347 497 1405 ab
511 1347 648 1407 hostium
662 1347 767 1406 castris
783 1357 885 1408 eastra
898 1350 998 1428 ponit.

115 1425 209 1484 Parvi
224 1435 295 1485 sunt
309 1427 381 1485 foris
396 1445 488 1499 arma,
503 1426 560 1486 nisi
575 1436 622 1486 est
636 1426 796 1486 consilium
812 1427 907 1487 domi.

115 1505 242 1564 Atticus
257 1526 353 1565 annos
368 1506 496 1584 triginta
510 1507 661 1565 medicinis
676 1526 736 1565 non
752 1506 898 1586 indiguit.

115 1583 226 1643 Laelius
241 1595 272 1644 ct
286 1585 387 1663 Scipio
403 1593 467 1643 rusa
481 1605 519 1644 ex
535 1586 609 1644 urbe
624 1586 797 1645 evolabant.

114 1663 267 1722 Isocrates
282 1675 385 1723 orator
398 1684 491 1723 unam
506 1665 675 1726 orationem
690 1665 801 1743 viginti
815 1667 945 1729 talentis
956 1688 1028 1728 ven·

195 1742 284 1801 didit.

114 1820 219 1883 Domo
234 1826 388 1903 profectus
403 1833 459 1884 est.
651 1876 653 1880 .
702 1866 705 1872 -

115 1901 185 1960 Hae
212 1907 316 1980 pugna
343 1907 487 1980 pugnata,
516 1902 647 1962 Romam
675 1903 831 1981 profectus
860 1914 919 1980 est,
943 1907 1025 1967 nullo

194 1981 364 2041 resistente.

114 2059 260 2120 Maximis
275 2061 366 2120 rebus
380 2061 482 2139 gestis,
498 2060 638 2122 Athenas
653 2070 816 2122 venerunt.

114 2139 164 2200 Ut
177 2139 286 2199 Romae
308 2141 514 2212 consulesne
536 2141 723 2220 Carthagine
745 2144 914 2220 quotannis
936 2144 1025 2205 annui

194 2239 282 2298 reges
297 2220 486 2279 creabantur.

115 2297 155 2357 Ei
168 2308 237 2358 tota
250 2299 422 2377 respublica
436 2299 520 2357 domi
534 2299 666 2378 bellique
680 2300 796 2359 tradita
811 2311 868 2362 est.

113 2377 219 2437 Nemo
234 2379 409 2438 mortalium
425 2379 567 2437 omnibus
581 2379 663 2445 horis
678 2379 764 2457 sapit.

114 2458 207 2516 Philo
221 2461 311 2517 domo
326 2457 470 2537 profugit,
485 2457 680 2537 Romamque
695 2459 789 2518 venit.

115 2537 210 2596 Forte
224 2537 336 2609 evenit,
353 2549 386 2597 ut
401 2537 463 2595 ruri
478 2538 631 2596 essemus?

114 2615 243 2675 Virtute
258 2623 395 2694 excepta,
410 2617 485 2675 nihil
501 2617 634 2676 amicitia
648 2618 852 2696 praestabilius
866 2621 999 2700 putetis.e

116 2694 247 2754 Cadmus
262 2696 377 2774 spargit
392 2694 495 2754 humid
504 2697 606 2773 jussos
620 2697 737 2757 dentes.

114 2773 200 2836 Urbs
214 2773 302 2833 Veiie
318 2775 426 2834 decem
447 2786 569 2847 aestates
589 2776 767 2856 hiemesque
789 2780 952 2841 continuas
972 2780 1020 2863 cir·

194 2873 347 2914 eumsessa
362 2865 417 2914 est.

113 2933 322 2993 Athenienses
343 2935 424 2993 bello
446 2934 571 2995 Persico
592 2935 667 2995 suas
685 2936 797 3010 omnia,
819 2958 889 3017 quae
910 2936 1019 3000 moveri

98 3035 100 3039 ¹
193 3014 346 3092 poterant,
366 3013 479 3090 partim
502 3015 697 3089 Salaminem,
711 3017 825 3094 partim
849 3019 1018 3078 Troezenem

194 3100 398 3170 asportarunt.

75 3284 90 3313 a
99 3273 155 3313 Rule
164 3274 196 3322 81,
205 3272 271 3312 Rem.
298 3270 311 3310 b
320 3271 377 3312 Rule
386 3273 418 3320 00,
428 3273 474 3312 and
490 3273 558 3314 Rules
567 3273 605 3313 for
614 3275 762 3327 translatlng,
772 3277 925 3327 subjunctive,
933 3280 956 3326 4;
968 3274 1016 3321 alto·

92 3323 157 3412 iiiii
165 3325 197 3412 343,
207 3322 273 3364 Ram.
281 3323 300 3362 2.
327 3321 406 3362 eRule
415 3321 447 3373 89,
457 3323 523 3364 Rem.
550 3323 747 3376 onmemuem.
775 3327 853 3370 eRule
861 3331 895 3371 28.
916 3324 1016 3380 sssuel.
