2220 3750
457 249 641 297 EXEROISES.

82 460 85 474 ,
115 406 273 480 Celeriter,
289 405 373 485 quod
386 405 568 479 habuerunt,
586 413 853 485 consumpserunt.

113 485 243 560 Bellum,
259 485 345 565 quod
359 492 540 577 susceperat,
548 485 652 564 gessit.

114 565 186 625 Non
201 567 244 640 id,
259 565 346 645 quod
359 567 482 643 petivit,
498 570 683 625 consecr‘rtus
698 572 754 625 est.

114 643 162 719 Id,
176 647 262 725 quod
278 654 344 704 erat
359 644 580 717 difficillimum,
597 644 756 704 efficiebat.

114 723 257 784 Proximi
272 733 345 783 sunt
359 723 529 799 Germanis,
546 724 598 803 qui
618 733 703 784 trans
722 723 869 783 Rhenum
886 723 1032 786 incolunt.

337 939 567 1000 Promiecuouu
591 939 770 1018 Ecomplcs.

82 1069 91 1088 ”
115 1072 195 1134 Vive
210 1090 331 1131 memor
345 1070 514 1133 senectirtis
530 1079 562 1130 et
578 1071 693 1131 mortis.

115 1151 186 1212 Non
202 1156 327 1211 reosrsat
342 1156 399 1229 qul>
414 1149 514 1210 minus
529 1150 606 1229 legis
621 1170 743 1228 poenam
759 1150 972 1230 persolveret?

117 1230 184 1302 Quo
200 1229 282 1323 plus⁶
296 1230 420 1302 habent,
435 1249 472 1289 eo
489 1231 558 1308 plus
573 1229 711 1307 cupiunt.

114 1310 292 1390 Praecrpuus
307 1309 335 1368 ei
349 1309 448 1368 honos
465 1309 591 1369 habitus
606 1318 661 1368 est.

115 1389 237 1449 Bellum
253 1389 416 1448 exitiosum
435 1388 603 1468 impendet.
659 1412 665 1427 ·

115 1469 229 1530 Looam
242 1469 325 1528 vallo
340 1468 482 1547 fossaque
499 1468 642 1528 mun1vit.

115 1547 340 1628 Neoptolemus
356 1549 438 1626 apud
455 1547 662 1626 Lycomedem
676 1556 743 1608 erat
757 1547 913 1609 educatus.

117 1628 186 1700 Qua
199 1633 304 1707 pugna
319 1628 396 1687 nihil
413 1628 514 1687 adhuc
528 1637 576 1687 est
590 1627 729 1688 nobilior.

115 1706 215 1768 Furor
229 1717 261 1767 et
275 1709 320 1766 ira
334 1707 531 1787 praecipItant
546 1712 693 1767 animum.
752 1764 756 1773 ,

115 1785 204 1846 Mora
218 1807 281 1847 non
296 1795 367 1847 tuta
384 1796 439 1847 est.

115 1864 233 1926 Literas
248 1875 394 1945 exspecto
413 1886 488 1945 quas
505 1866 659 1944 scripsisti.

115 1943 198 2005 Dion
212 1945 309 2005 fretus
324 1966 386 2005 non
411 1956 477 2005 tam
499 1946 561 2007 suis
582 1946 685 2023 copiis,
700 1964 793 2024 quam
813 1945 885 2004 odio
906 1946 1030 2024 tyranni

195 2025 350 2104 profectus
366 2034 424 2085 est.

45 2099 50 2115 “
115 2103 148 2163 Α
161 2105 259 2183 prima
273 2113 364 2163 aetate
381 2124 430 2163 me
445 2103 638 2183 philosophia
655 2102 831 2163 delectavit.

116 2183 178 2244 Hic
191 2185 251 2243 fuit
265 2183 404 2244 omnium
419 2184 657 2263 potentissimus.

116 2311 207 2390 They
221 2320 290 2370 sent
308 2312 516 2372 ambassadors
531 2313 601 2372 who
622 2312 733 2372 should
755 2311 877 2371 consult
893 2311 940 2390 (to
961 2330 1030 2372 oon·

196 2392 271 2470 sult)
289 2393 342 2450 the
358 2392 466 2451 creole.

116 2469 207 2549 They
219 2470 392 2549 performed
410 2473 492 2531 what
506 2472 582 2549 they
594 2471 657 2529 had
670 2469 833 2549 promised.

116 2549 168 2610 He
188 2570 268 2630 gave
286 2553 347 2628 (to)
364 2551 418 2610 the
437 2550 564 2610 soldiers
584 2549 638 2608 the
658 2568 772 2626 money
786 2547 887 2608 which
907 2547 946 2608 he
967 2547 1029 2608 had

196 2630 346 2689 received.

116 2708 168 2768 He
182 2710 273 2768 made
288 2729 382 2788 peace
397 2709 474 2769 with
489 2710 578 2767 those
593 2709 664 2768 who
680 2707 828 2785 occupied
842 2707 895 2768 the
910 2707 981 2786 city.

116 2787 201 2848 Dion
231 2789 406 2849 conducted
436 2790 488 2848 the
520 2787 680 2846 embassies
709 2786 811 2847 which
837 2806 918 2848 were
946 2793 1027 2846 most

198 2869 374 2928 renowned.

116 2947 167 3006 He
182 2948 260 3006 took
274 2966 362 3026 away
376 2948 417 3006 all
431 2947 500 3006 that
514 2944 588 3021 they
601 2943 664 3001 had
677 2943 821 3021 brought.

77 3154 93 3234 p
98 3144 317 3236 {eupesyptppghltple
325 3145 358 3195 90,
368 3142 413 3184 and
420 3138 493 3183 Rules
501 3137 540 3182 for
547 3135 696 3189 translating,
706 3135 850 3187 subjunctive
858 3137 935 3192 mood,
944 3138 964 3182 4.

192 3224 198 3246 ,
268 3223 273 3234 .
293 3219 299 3233 .

228 3277 367 3338 ¹re
