2220 3750
73 220 137 289 196
453 234 637 287 nxaausns.

113 393 292 456 Alcibiades
307 393 372 452 dux
386 392 524 454 delectus
539 401 594 454 est.

113 477 255 535 Absurde
269 473 351 544 facis,
369 473 422 553 qui
436 481 544 553 angar
557 473 600 533 tei
613 469 731 532 animi?

113 607 287 667 Postumus
301 624 388 665 suam
403 604 619 665 auctoritatem
632 603 738 683 magni
752 588 905 673 aestimat.

114 686 292 746 Recordare
308 695 431 763 tempus
446 684 532 745 illud.

114 766 314 826 Admonebat
328 765 415 823 illum
430 763 576 844 egestatis
590 784 661 824 suae.

115 846 195 905 Tua⁶
212 856 244 905 et
259 850 488 904 mea⁰max1me
503 844 640 904 interest.

114 923 163 1003 Inj
169 925 302 984 uriarum
316 923 563 985 obliviscebatur.

115 1073 253 1134 Domum
267 1071 363 1152 pluris
377 1071 469 1151 quim
483 1071 638 1132 fortunam
651 1078 739 1131 tuam
752 1073 930 1138 aestimasti.

115 1152 263 1212 Miserere
278 1154 386 1211 domus
400 1150 541 1212 labentis.

114 1231 206 1292 Datae
220 1229 307 1291 fideid
321 1230 534 1290 reminiscitur.

115 1311 269 1391 Meipsum
284 1311 401 1371 inertiae
417 1313 596 1371 eundemne.

115 1392 180 1452 Res
194 1394 330 1452 adversm
345 1392 486 1450 homines
499 1389 653 1470 religinnis
667 1389 847 1455 admanent.

116 1472 264 1532 Omnium
280 1473 373 1532 refert
388 1472 498 1532 vitium
511 1470 624 1549 fugere.

117 1551 151 1612 Si
165 1552 277 1612 veteris
294 1552 488 1612 contumeliae
504 1548 651 1622 oblivisci,
660 1569 735 1609 num
751 1551 848 1611 etiam
862 1555 1043 1618 recentium

196 1631 375 1709 injuriarum
389 1629 570 1690 memoriam
585 1630 739 1708 deponere
754 1631 895 1709 possiti⁸

116 1803 298 1885 Numquam
313 1804 446 1896 suseepti
461 1803 579 1883 negotii
594 1822 664 1863 eum
678 1812 847 1882 pertaesum
861 1815 922 1869 est.

116 1884 209 1946 Unus
226 1886 320 1944 homo
334 1885 430 1964 pluns
445 1904 537 1963 quarn
552 1883 661 1944 civitas
675 1883 743 1944 fuit.

116 1964 330 2025 Humanitatis
347 1964 449 2024 refert.

115 2044 210 2104 Illum
228 2065 323 2104 unum
338 2043 442 2123 pluris,
458 2046 553 2122 quam
567 2062 599 2102 se
614 2061 729 2115 omnes,
742 2042 808 2101 fieri
823 2043 986 2107 videbant.

117 2124 212 2203 Cujus
229 2125 301 2184 facti
332 2124 458 2184 celerius
472 2121 681 2182 Athenienses
700 2124 796 2201 quam
816 2122 921 2203 ipsum
942 2127 1042 2207 poeni-

197 2205 267 2265 tuit.
771 2258 774 2263 ⁴

116 2283 186 2344 Tua
200 2295 232 2344 et
249 2303 318 2343 mea
332 2284 466 2342 maxime
481 2282 618 2354 interest,
632 2290 665 2341 te
678 2280 792 2342 valere.

117 2366 196 2425 Cato
210 2365 351 2424 tribunus
365 2363 499 2423 militum
513 2361 579 2435 fuit,
595 2362 706 2422 Conon
719 2360 779 2420 fuit
791 2369 929 2442 praetor.

116 2443 154 2504 Id
171 2457 333 2504 commune
349 2443 488 2503 aerarium
504 2461 569 2501 esse
583 2441 757 2501 voluerunt.

116 2523 285 2598 Videbunt,
301 2543 408 2583 omnes
422 2542 484 2602 prae
498 2521 551 2582 illo
565 2521 653 2600 parvi
665 2520 794 2581 futuros.

116 2602 378 2662 Reminisneretur
391 2602 526 2681 pristinae
541 2601 664 2661 virtutis
678 2600 907 2664 Helvetiumm.

117 2749 200 2809 Eum
215 2748 368 2829 sacrilegii
383 2748 584 2810 damndrunt.

118 2830 277 2889 Hannibal
292 2829 392 2889 faetus
407 2839 453 2889 est
469 2838 591 2908 praetor.

120 2909 231 2971 Gaium
246 2909 382 2970 Verrum
395 2908 552 2969 insimulat
566 2907 701 2968 avaritiae
716 2917 749 2968 et
763 2909 907 2974 audaciae.

118 2989 207 3070 Egeo
224 2988 351 3049 consilii.

118 3069 152 3129 Is
165 3087 262 3149 pagus
276 3068 447 3148 appellatur
461 3067 636 3148 Tigurinus.

80 3317 162 3361 aRule
169 3321 203 3372 96,
212 3321 233 3363 8.
266 3317 320 3359 bTe
330 3316 409 3365 animi,
419 3317 550 3369 equivalent
562 3320 588 3360 to
601 3318 699 3370 respuam
706 3321 793 3371 aalma,
807 3323 912 3366 ortuum
923 3328 1036 3368 numm.

254 3367 334 3412 cRule
342 3369 376 3420 39,
384 3367 451 3412 Ram.
489 3368 572 3410 dRule
582 3371 601 3421 1,
608 3370 674 3412 Rem.
683 3370 704 3414 9.
742 3370 820 3413 aRule
829 3373 864 3416 89.
