2220 3750
382 229 565 277 nxnssclsffl.

421 400 524 461 XLV.
750 490 759 497 μ

151 548 316 628 Infinitive
336 548 443 609 Mood.
455 583 496 596 -
505 547 603 608 Reus
623 550 673 625 20,
686 551 738 628 21,
750 553 804 618 22.

36 675 175 739 Necesse
190 688 237 737 est
251 686 412 757 pugnare?

40 756 211 835 confligere
227 757 401 835 cupiebant.

41 836 135 914 Spero
150 845 182 895 te
196 835 315 896 valere.b

40 914 141 1007 Turpe
157 923 204 974 ost
216 915 344 994 fugere?

40 993 194 1054 Resistbre
209 997 273 1054 ausi
286 1015 348 1055 non
363 1005 445 1057 sunt.

40 1073 95 1133 Ille
111 1074 221 1154 dignus
234 1084 281 1134 est
295 1075 413 1135 ameris

39 1151 170 1213 Difficile
185 1163 232 1214 est
247 1156 364 1214 omnia⁰⁸
376 1153 540 1234 persequi?

39 1230 90 1292 Illi
101 1233 242 1293 dixerant
256 1253 321 1293 sese
336 1231 521 1294 dedituros.“

39 1311 114 1373 Illos
128 1313 253 1373 retineri
268 1313 369 1391 jussit.

39 1389 131 1452 Vidit
144 1393 281 1452 tumultu
296 1392 452 1452 civitatem
467 1412 531 1452 esse
545 1394 787 1472 perturbatam

41 1471 143 1532 Caesar
156 1471 346 1531 Divititcum
361 1471 401 1530 ad
415 1491 448 1531 se
462 1472 565 1531 voceri
580 1472 682 1551 jubet.

39 1549 129 1611 Dixit
142 1570 208 1611 sese
223 1571 291 1610 cum
304 1550 340 1610 iis
353 1570 462 1630 pacem
477 1570 542 1610 esse
555 1551 722 1615 facturum.

40 1629 172 1690 Obsides
186 1629 252 1688 dari
267 1630 369 1708 jussit.
810 1628 812 1635 ’

41 1709 105 1768 Cur
117 1708 208 1768 timet
221 1709 336 1768 flavum
350 1709 485 1769 Tiberim
499 1711 651 1788 tangere?

40 1787 176 1866 Tempus
190 1797 237 1848 est
250 1789 341 1866 hujus
354 1789 424 1848 libri
437 1789 547 1848 facere
560 1789 664 1850 finem.
675 1849 677 1858 ,

40 1939 110 2018 Ipse
123 1940 242 2000 ibidem
255 1953 378 2000 manere
393 1940 537 2001 decrevit.

40 2018 143 2098 Turpe
158 2029 204 2079 est
217 2019 346 2078 violere‘
359 2019 468 2079 fidem“
481 2027 587 2078 suam?

40 2098 151 2159 Portas
165 2099 266 2159 claudi
281 2099 381 2177 jussit.

39 2177 137 2237 Miror
149 2187 239 2239 tuum
252 2178 377 2237 fratrem
392 2198 455 2238 non
470 2178 609 2239 scribere.

39 2256 137 2332 Dixit,
152 2259 228 2318 scire
242 2276 274 2317 se
288 2257 341 2315 illa
355 2277 421 2316 esse
435 2277 517 2318 vera.

38 2335 222 2415 Respondit,
237 2356 269 2396 se
284 2336 324 2395 ad
339 2356 409 2395 eum
422 2342 591 2396 venturum
605 2355 681 2399 esse.

39 2415 237 2490 Existimant,
252 2415 410 2476 Romenos
425 2414 589 2475 discedere.

38 2494 137 2569 Dixit,
151 2497 254 2555 hostes
269 2495 450 2554 consedisse.

39 2573 134 2647 Dicit,
144 2583 283 2632 montem
298 2573 336 2632 ab
352 2573 492 2633 hostibus
506 2570 612 2633 teneri

39 2652 114 2713 Nou
128 2661 201 2712 sunt
215 2650 280 2710 ausi
294 2664 426 2712 manere.

41 2802 135 2880 Cupit
149 2802 272 2861 discere.

39 2881 135 2939 Miror
148 2889 180 2939 te
195 2901 257 2940 non
271 2880 355 2942 scire.

39 2959 97 3018 Illa
111 2959 171 3019 fuit
185 2960 279 3038 digne
293 2961 408 3022 amori?

41 3038 134 3117 Sequi
147 3039 244 3115 gloria
257 3058 320 3096 non
335 3041 437 3117 appeti
451 3040 553 3100 debet.

40 3118 140 3176 Oredo
155 3136 260 3194 regem
274 3128 372 3176 amere
386 3136 502 3195 pacem.

84 3309 102 3338 a
110 3298 172 3339 Ruie
181 3299 201 3348 1,
212 3297 279 3339 Rem.
289 3296 310 3348 5,
320 3293 367 3338 end
373 3295 435 3337 Rure
443 3297 478 3350 33,
483 3298 552 3342 Rem.
558 3301 580 3342 2.
630 3298 717 3352 exure
726 3309 762 3360 22,
772 3309 870 3359 Rem

81 3349 212 3402 eltrudem,
224 3349 293 3391 Rem.
304 3350 323 3391 1.
349 3347 527 3403 obrumpere.
870 3345 879 3363 ⁰
