2220 3750
74 210 138 277 214
167 205 172 217 '
452 229 635 277 uxenmsas.

115 386 281 460 Hannibal,
296 384 479 481 Hamiloaris
492 387 588 480 fili-usa
596 385 763 446 admodum
778 387 1036 451 adolescentulus

194 488 321 546 praeesse
336 478 428 546 ooeprt
442 479 599 526 exercitur.

114 549 207 627 Apud
232 547 435 620 Herodotum,
458 557 579 626 patrem
602 546 744 621 historiae,
759 557 835 608 sunt
858 547 1035 609 innumera-

117 627 536 799 Sagulrlrilnlalirildldiatam
511 706 676 780 civitatem,
690 705 723 765 vi
737 709 945 799 expugnavit.

117 785 257 848 Civitas
249 796 330 845 mter
344 787 456 864 Belgas
471 791 583 865 magna
597 796 662 845 erat
676 787 875 847 auctoritate.

116 866 310 944 Reperiebat,
325 885 391 925 esse
406 868 546 925 homines
560 886 679 944 magnae
694 865 827 926 virtutis,

116 946 275 1005 Hamilcar
295 945 375 1005 dixit
395 965 458 1004 non
480 945 562 1004 enim
583 965 644 1005 suae
665 965 729 1004 esse
751 945 890 1020 virtutiS,
909 967 995 1008 arma
1015 969 1033 1008 a

195 1024 295 1103 patria
309 1034 435 1104 aooepta
450 1025 596 1084 adversus
616 1026 720 1084 hostes
742 1025 928 1086 adversariis
950 1029 1032 1087 trad-

196 1106 255 1163 ere.

116 1185 204 1243 Nihil
225 1203 273 1242 rer
275 1205 326 1242 um
347 1185 550 1242 humanarum
571 1183 635 1242 sine
657 1183 789 1242 dedrum
810 1192 942 1244 numine
967 1185 1032 1265 geri

196 1273 252 1341 put
219 1264 333 1322 rrt‘rbat

117 1343 266 1421 Magnam
282 1351 401 1421 partem
416 1355 517 1402 eorum
532 1342 760 1402 interfecerunt.

116 1423 202 1481 Nihil
218 1442 294 1500 opus
309 1422 437 1500 pecunie
452 1431 507 1481 est.

117 1501 197 1560 Belli
207 1501 355 1578 judicium
369 1501 559 1580 imperatoris
574 1521 638 1560 esse
654 1501 923 1562 existimaverunt.

116 1581 281 1658 Agesilaus
296 1589 421 1639 nomine
436 1601 498 1639 non
513 1591 567 1659 pot
555 1590 665 1640 testate
679 1580 737 1639 fuit
751 1600 815 1640 r.ex

117 1660 275 1718 Hannibal
289 1660 390 1718 minor
403 1661 538 1739 quinque
553 1671 584 1720 et
595 1659 705 1738 viginti
716 1660 804 1719 annis
815 1671 911 1720 natus
922 1661 1027 1741 imper·
1051 1731 1056 1740 „

197 1749 265 1797 ator
278 1739 376 1798 faetus
391 1750 446 1799 est

115 1819 160 1882 Et
175 1818 250 1877 mari
266 1827 297 1877 et
311 1824 393 1878 terra
407 1819 532 1878 duces
516 1828 603 1878 erant
617 1818 855 1880 Lacedaemonii.

117 1932 241 1992 Veteris
256 1932 449 1993 contumeliae
463 1933 649 1994 recordatur.

117 2012 280 2090 Decipitur
294 2012 439 2072 laborum

117 2092 285 2164 Videbam,
313 2091 452 2151 Eumene
481 2101 615 2165 reoeotO,
636 2111 742 2152 omnes
769 2112 833 2171 prae
862 2095 917 2154 illo
945 2092 1026 2174 parri

196 2172 323 2231 futsrros

117 2251 218 2329 Magis
232 2251 429 2330 reipublicae
422 2259 468 2310 mt
456 2252 550 2311 terest
564 2271 613 2329 qu
607 2256 656 2310 iun
670 2270 747 2310 mea.

118 2332 287 2410 Postquam
307 2351 339 2390 se
361 2331 469 2409 eapitis
491 2330 670 2389 damnatum
691 2330 822 2405 adduit,
837 2331 1024 2396 Lacedaemo

197 2431 268 2470 nem
284 2410 474 2489 demigravit

118 2489 228 2550 Monet
242 2511 292 2549 me
308 2490 405 2550 officii.

117 2569 301 2646 Injuriarum
317 2570 495 2628 oblivisitur.

119 2648 260 2783 Summgre1
264 2726 270 2738 ·
287 2647 453 2725 diligentiae
489 2645 613 2726 imperii
644 2668 797 2708 summam
831 2652 1022 2712 severitatem

200 2745 217 2783 a
263 2736 295 2784 rt.

119 2805 237 2865 Petunt
252 2815 284 2864 et
299 2814 396 2878 orant,
411 2814 447 2864 ut
461 2806 518 2865 sibi
532 2816 660 2885 pareat¹¹

120 2885 184 2944 Sibi
199 2903 351 2963 quemque
366 2886 523 2944 oonsuldre
539 2886 641 2965 jussit.

119 2964 271 3023 Omnibus
285 2965 426 3042 perieulis
441 2965 547 3024 adfuit.

118 3043 248 3102 Inermis
264 3044 387 3103 armatis
403 3045 588 3104 occurrebat.

118 3121 216 3194 Dixit,
244 3121 269 3180 si
304 3121 523 3200 Allobrogibus
551 3125 759 3200 satisfaciam,
787 3148 855 3189 sese
891 3151 960 3193 eum
989 3125 1018 3187 iis

196 3219 306 3280 paoem
319 3218 384 3260 esse
398 3201 560 3262 facturum.

378 3362 501 3407 anueoo.
605 3365 737 3428 inuam„
