2220 3750
499 218 684 271 Emmaus.

373 380 605 439 Promiaruuue
627 373 807 450 Eramplea.

149 508 221 570 Non
234 509 350 589 effigit
366 506 480 567 civium
494 519 618 567 suerum
631 502 788 564 invidiam.

41 642 44 647 .
150 588 303 663 Postulat,
319 597 356 647 ut
371 587 430 647 sibi
444 587 552 646 urbem
566 584 716 646 tradant?

152 667 259 748 Neque
285 667 390 727 minus
418 666 450 726 in
479 671 515 725 ert
542 685 575 724 re
603 662 777 744 prudentia,
800 665 891 742 quam
914 662 1069 741 felicitate,

228 748 357 807 aduitus
372 754 428 805 est.

154 769 277 886 (leterad
290 826 410 886 insulas
424 824 481 884 sub
496 824 561 902 ejus
575 831 760 902 potestatem
773 822 901 902 redegit.

152 904 288 965 Amieior
303 904 440 964 omnium
454 903 596 976 libertati,
608 907 698 980 quam
712 922 773 962 suae
787 903 846 962 fuit
860 902 1069 963 dominationi.

153 983 226 1044 Non
242 984 344 1044 solhm
358 1003 443 1061 spem
457 982 488 1041 in
504 1001 540 1041 eo
556 981 711 1042 habebant
726 991 898 1057 maximam,
906 983 959 1043 sed
975 984 1069 1043 etiam

231 1063 379 1125 timerem.

155 1141 337 1202 Timebatur
350 1161 414 1200 non
428 1141 538 1214 minus,
553 1146 645 1220 quam
661 1141 855 1220 diligebatur.

154 1221 205 1279 Ex
218 1222 295 1281 Asia
307 1221 341 1280 in
356 1220 492 1279 Africam
506 1220 635 1298 trajecit.
811 1227 814 1232 ’

154 1298 187 1359 Is
200 1301 285 1361 loeus
300 1300 388 1360 abest
402 1299 524 1362 eireiter
537 1319 592 1359 sex
606 1297 699 1357 millia
712 1318 866 1376 passuum.

154 1379 360 1439 Peritisstmos
374 1379 446 1438 belli
460 1379 578 1438 navalis
592 1377 666 1437 feeit
679 1377 895 1437 Athenienses.

154 1458 230 1518 Non
245 1459 407 1550 quiequam
421 1457 494 1517 fecit
507 1457 569 1516 fide
584 1463 639 1517 sua
651 1456 824 1535 iudignum.

155 1537 310 1598 Postridie
329 1537 395 1616 ejus
416 1536 478 1597 diei
499 1537 531 1595 in
555 1536 632 1607 fines
666 1535 863 1596 Suessionum
898 1543 1067 1598 exereitum

235 1617 334 1676 duxit.

154 1695 268 1774 Legati
283 1696 321 1755 de
336 1715 411 1774 paee
427 1695 466 1754 ad
482 1695 632 1755 Oaestrem
646 1707 804 1755 venerunt.

154 1775 242 1834 Intra
256 1775 371 1853 oppida
385 1794 549 1852 murosque
565 1774 798 1853 compelluntur.

152 1853 212 1913 His
227 1854 349 1914 obviam
363 1854 506 1913 universa
521 1853 630 1913 civitas
645 1853 739 1913 venit.

152 1933 203 1991 Ex
217 1953 254 1993 eo
268 1933 393 2026 oppidu,
405 1952 483 2012 pons
498 1933 536 1992 ad
551 1931 714 1993 Helvetios
728 1939 871 2074 geminet.

152 2011 228 2071 Non
242 2022 315 2072 satis
329 2011 361 2071 in
375 2032 412 2072 eo
427 2013 495 2073 loeo
509 2011 642 2092 praesidii
655 2019 731 2092 puta
754 2018 833 2074 atur.

153 2140 171 2200 Ι
191 2142 288 2202 write.

154 2221 246 2281 Thou
267 2231 355 2282 seest.

154 2299 206 2359 He
226 2301 323 2362 hears.

154 2379 218 2440 We
239 2380 322 2440 read.

154 2458 228 2518 You
248 2461 330 2539 play.

155 2537 246 2617 They
265 2539 369 2618 study.

155 2615 205 2676 He
226 2619 348 2696 praised
368 2637 425 2691 me,
439 2626 496 2678 not
515 2637 578 2697 you
601 2617 713 2699 (thee).

155 2695 245 2776 They
266 2706 335 2758 seut
359 2699 423 2775 (to)
447 2717 483 2757 us
503 2699 590 2758 these
611 2698 679 2757 thin
718 2743 725 2758 .

155 2775 242 2854 They
259 2777 299 2835 all
321 2776 409 2835 differ
429 2795 544 2856 among
563 2717 758 2838 themsehles.
811 2804 815 2813 ·

155 2853 206 2913 He
227 2855 429 2914 surrendered
451 2855 576 2915 himself
591 2865 624 2915 to
646 2857 740 2915 them.

156 2931 204 2993 To
225 2934 288 2993 him
309 2934 371 2994 this
392 2953 455 2995 was
476 2934 611 2994 evident.

156 3010 206 3071 He
227 3013 289 3072 laid
303 3013 423 3073 violent
443 3013 543 3073 hands
564 3033 604 3073 ou
624 3011 755 3073 himself.

156 3090 259 3150 Those
274 3101 371 3153 states
386 3101 456 3153 sent
470 3103 524 3152 ten
538 3092 693 3152 thousand
709 3091 844 3154 soldiers.

156 3168 207 3229 He
222 3171 273 3230 led
287 3171 335 3231 his
348 3171 446 3231 forces
460 3190 544 3249 upon
558 3173 612 3231 the
626 3181 749 3252 nearest
762 3171 827 3232 hill.

216 3344 232 3375 a
240 3333 283 3376 See
293 3333 355 3377 Rule
363 3335 396 3386 90,
405 3333 452 3376 und
461 3333 533 3375 Rules
542 3333 580 3377 fer
587 3333 729 3387 translating
736 3333 779 3376 the
787 3326 969 3383 subjunctivae:
