2220 3750
102 239 165 305 150

100 413 297 475 Mirarentur.

101 494 218 555 Mirari.

102 575 228 634 Mirans.

102 654 273 716 Mirandus.

103 733 268 795 Polliceor.

103 815 283 875 Pollicetur.

103 944 196 1006 Utor.

103 1024 223 1086 Utitur.

103 1103 288 1165 Utebantur.

103 1183 189 1244 Usus
205 1193 261 1247 est.

103 1263 230 1325 Utetur.

103 1343 232 1405 Utatur.

105 1474 233 1553 Sequor.

35 1554 239 1637 “Qecdtus
254 1563 310 1617 est.

105 1635 308 1713 Sequebatur.

104 1713 261 1793 Sequitur.

105 1793 293 1873 Sequuntur.
308 1850 309 1856 ,

103 1926 227 1987 Audeo,

103 2006 222 2067 Audet.

103 2086 315 2150 Audebsmus.

104 2166 209 2227 Ausus
224 2179 279 2229 est.

104 2295 259 2358 Delectat.

104 2377 291 2439 Delectubit.

104 2457 298 2519 Dele'otebat.

104 2586 216 2648 Decet.

105 2666 230 2727 Decuit.

105 2745 248 2807 Decebit.

107 2875 279 2955 Contingit.

107 2956 287 3034 Continget.

107 3036 288 3113 Contingat.

108 3115 308 3194 Contigisset.

108 3193 327 3273 Contingebat.

109 3275 322 3355 Contingeret.

483 256 668 306 sxsuusns

424 414 663 476 Pollicebantur.

423 494 586 556 Pollicitus
601 503 657 555 est.

424 576 586 636 Pollicitus
600 575 649 636 sit.

424 656 657 716 Pollicerentur.

423 736 642 799 Polliceantur.

424 944 607 1007 Uterentur.

424 1024 510 1087 Usus
525 1025 573 1085 sit.

423 1104 484 1167 Usi
498 1113 609 1165 essent.

422 1185 483 1247 Usi
497 1196 579 1245 sunt.

423 1264 577 1327 Utuntur.

422 1344 574 1407 Utentur.

423 1474 609 1555 Sequeutur.

423 1554 609 1634 Sequuntur.

424 1635 586 1714 sequntur.

424 1714 531 1775 Secuti
546 1724 623 1775 sunt

424 1794 621 1874 Sequeretur.

423 1927 573 1990 Audebit.

423 2007 560 2069 Audeat.

423 2087 593 2149 Auderem.

424 2296 580 2358 Delectet.

425 2377 614 2438 Delecturet.

425 2457 614 2518 Deleetuvit.

424 2587 573 2649 Ducebat.

424 2666 553 2727 Deceut.

424 2746 582 2808 Decuerit.

406 2919 408 2923 -
425 2875 598 2954 Pugnatur.

425 2955 598 3035 Pugnetur.

426 3035 637 3114 Pugnabutur.

426 3114 606 3193 Pugnatum
622 3124 678 3175 est.

738 368 935 478 (Pollicebor.

743 494 969 558 Pollioebstur.

743 574 911 637 Pollicitus
926 577 995 638 erit.

743 654 910 717 Pollicitus
926 666 1002 719 erat.

743 735 885 798 Polliciti
899 745 1019 797 erimus.

742 943 830 1005 Usus
845 964 926 1007 sum.

742 1023 858 1085 Utens.

742 1103 813 1165 Uti.

742 1182 840 1245 Usus.

743 1262 882 1325 Usiuus.

744 1339 832 1406 Usus
846 1363 912 1406 ero.

742 1473 877 1535 Secutus
891 1482 968 1536 erat.

743 1554 850 1614 Secuti
864 1575 980 1616 sumus.

745 1634 878 1695 Secutus
893 1645 984 1697 esset.

746 1713 896 1796 Sequens.

743 1925 850 1986 Ausus
865 1925 914 1986 sit.

744 2006 825 2065 Ausi
839 2019 986 2068 essemus.

744 2086 919 2147 Audesne?

745 2293 984 2360 Delectavisset.

744 2375 920 2437 Deleeture.

745 2584 904 2648 Decuisse.

745 2665 910 2727 Deeuerat.

745 2874 954 2951 Pugnabitur.

745 2954 954 3031 Pugnaretnr.

745 3033 927 3111 Pugnatum
942 3053 1016 3095 esse.

746 3112 928 3190 Pugnatum
942 3113 987 3174 iri.

426 3192 606 3274 Pugnatum
621 3204 695 3257 erut.
746 3191 896 3272 Pugnsu.
